3886 5158
893 445 933 492 DE
955 445 1060 494 ieiunii
1081 445 1196 494 terina
1550 451 1603 495 xlii

490 563 610 646 aliena,
629 561 833 650 posteriores
857 581 935 630 vero
951 563 1038 650 apud
1054 563 1235 650 scriptores
1257 583 1334 632 mox
1354 564 1516 649 reditura,
1534 567 1600 634 lor·

490 669 577 737 sitan
602 670 636 736 in
656 668 813 754 loquendi
841 669 1117 736 consuetudinem
1144 670 1313 757 coepisset
1329 671 1465 754 reverti,
1490 691 1599 760 neque

490 781 663 862 propterea
680 780 830 842 nostrum
851 775 932 842 satis
947 773 1156 844 ollendisset.

534 879 652 965 Itaque
678 880 891 968 perlustranti
915 899 1050 948 carmen
1071 887 1223 949 nostrum
1243 881 1462 950 Homericum
1486 884 1597 952 nullae

491 987 571 1052 milri
599 986 641 1052 ab
669 990 774 1054 aetate
808 1005 907 1073 quom
940 986 1084 1055 diximus
1118 987 1199 1054 illud
1231 987 1443 1072 abjudicandi
1474 1009 1597 1058 causae

490 1110 608 1179 graves
624 1091 795 1176 seriaeque
810 1097 982 1178 apparent.
1001 1092 1194 1174 Praeterea,
1216 1094 1349 1179 quando
1370 1094 1507 1179 quidem
1527 1114 1593 1162 non

490 1197 596 1265 solum
618 1197 753 1284 Vergilii
775 1194 950 1282 Ovidiique
971 1197 1059 1265 circa
1073 1197 1294 1266 elocutionem
1308 1206 1341 1266 et
1357 1206 1462 1266 artem
1480 1201 1598 1267 metri-

490 1323 563 1372 cam
576 1303 723 1389 vestigiis
736 1301 871 1370 Italicus
885 1301 1081 1388 ingreditur,
1091 1303 1150 1370 sed
1165 1304 1265 1370 etiam
1280 1305 1463 1372 eorundem
1476 1306 1592 1388 multa,

488 1410 683 1496 pracsertim
704 1409 745 1475 ab
765 1406 925 1474 Aeneidis
944 1427 985 1476 uc
1004 1407 1317 1496 iletamorpuoseon
1338 1409 1444 1492 libris,
1467 1417 1595 1480 mutua·

490 1521 554 1598 tur,
571 1533 637 1581 non
654 1519 829 1600 autequam
851 1513 1021 1600 praeclara
1036 1514 1092 1581 illo
1108 1533 1209 1602 opera
1222 1515 1408 1600 jandudum
1426 1517 1461 1584 in
1477 1518 1599 1603 volgus

488 1621 574 1688 elata
602 1625 689 1702 sunt,
715 1638 797 1705 opus
824 1639 922 1686 suum
947 1621 1090 1688 condere
1114 1621 1232 1707 potuit.
1258 1621 1375 1708 Neque
1410 1641 1490 1689 uero
1520 1631 1597 1710 post

488 1725 633 1793 Neronis
650 1733 803 1807 mortem,
825 1728 952 1792 ratione
973 1745 1013 1794 ox
1036 1725 1109 1812 ipso
1130 1727 1277 1793 carmine
1298 1727 1412 1812 petila,
1432 1729 1460 1794 si
1477 1747 1596 1795 uersus

489 1835 640 1900 seu-902
667 1833 839 1917 respicies
869 1833 1090 1918 conscriptam
1123 1831 1312 1918 Epitomam
1334 1833 1515 1918 judicabis.
1544 1833 1594 1900 De

488 1937 615 2016 Aenea,
633 1956 699 2005 non
714 1938 839 2003 viribus
852 1937 968 2023 aequis
980 1936 1103 2004 Achilli
1118 1945 1325 2020 occurrente,
1338 1957 1392 2005 res
1404 1940 1530 2026 agitur3
1544 1939 1595 2007 sio

490 2045 597 2131 pergit
611 2047 707 2130 pocta
724 2063 732 2108 :

630 2197 723 2270 Quem
738 2197 794 2260 nisi
806 2204 948 2260 servasset
961 2215 1132 2277 magnarum
1148 2205 1242 2262 rector
1255 2217 1398 2280 aquarum

629 2286 667 2348 Ut
680 2285 821 2368 prolugus
833 2284 910 2348 latiis
923 2285 1039 2366 Trojam
1051 2293 1198 2368 repararet
1213 2285 1244 2348 in
1257 2287 1332 2349 arvis

628 2374 851 2454 Augustumque
866 2391 957 2454 genus
974 2373 1058 2435 claris
1073 2373 1255 2436 submitteret
1270 2375 1365 2448 astris,

630 2462 692 2523 Non
710 2461 825 2544 pulcrae
839 2461 933 2542 gentis
946 2461 1029 2523 nobis
1044 2461 1196 2524 mansisset
1209 2463 1289 2545 origo
1306 2464 1328 2526 ¹.

490 2621 540 2691 Cl.
558 2643 634 2691 eum
648 2641 680 2690 v.
698 2625 786 2690 236:

629 2781 666 2843 Et
679 2798 760 2844 sacer
772 2780 894 2856 Aeneas,
910 2779 1031 2843 Veneris
1043 2779 1206 2843 certissima
1220 2779 1326 2862 proles.

489 2949 655 3036 Denique,
671 2968 747 3017 cum
762 2967 794 3015 v.
813 2951 877 3021 isa
895 2967 903 3016 :

628 3107 740 3170 Emicat
754 3106 862 3170 interea
877 3106 998 3170 Veneris
1011 3079 1207 3190 pulcherrime
1223 3105 1329 3188 proles.

535 3275 628 3359 Quae
655 3276 734 3343 dum
758 3275 877 3343 domus
904 3275 1058 3358 Aeneae,
1083 3275 1117 3342 id
1142 3280 1194 3342 est
1217 3273 1392 3356 Caesaris,
1418 3275 1595 3364 imperium

490 3383 634 3464 tenebat,
656 3400 720 3468 qua
737 3381 878 3463 ratione,
903 3399 968 3467 quo
988 3380 1127 3449 consilio
1142 3377 1281 3449 Italicus
1297 3381 1484 3468 scripserit,
1501 3381 1595 3450 lucil·

520 3576 544 3626 l.
561 3573 636 3624 mcor
651 3573 719 3624 ralde
733 3575 858 3636 corruptus
873 3573 897 3622 in
911 3570 979 3622 libris
994 3584 1065 3622 manu
1084 3570 1189 3636 seriptis.
1207 3571 1372 3635 aquitannia
1391 3572 1496 3624 emendo
1515 3585 1597 3634 neren,

489 3656 532 3708 pro
551 3641 620 3693 metir
637 3657 691 3694 corn
712 3641 870 3694 ivernedortlo
888 3643 967 3706 recepi
991 3642 1067 3702 iuliis,
1084 3641 1205 3705 egregiam
1230 3643 1421 3696 emendationem
1443 3644 1596 3707 quamnim

489 3715 557 3766 docto
569 3715 651 3778 ignoto
663 3714 776 3775 debitam,
787 3713 906 3778 praestitit
919 3715 1003 3763 Petrus
1017 3711 1119 3762 Boudam
1130 3711 1204 3774 (Van.
1215 3725 1293 3772 sacr,
1306 3727 1330 3778 p.
1345 3715 1467 3778 tlt-lii).
1477 3715 1503 3764 ln
1515 3715 1596 3774 tertio,

490 3785 630 3836 Wernsdorl
646 3785 740 3836 lectioni
758 3785 864 3836 codicum
889 3783 972 3842 claris,
992 3795 1064 3845 qnam
1084 3782 1237 3847 retinuimus,
1257 3783 1359 3835 tortasse
1378 3785 1441 3835 hand
1461 3797 1596 3849 perperam,

489 3855 548 3906 creti
568 3855 712 3906 substituere
731 3869 804 3906 ausus
824 3859 869 3905 est.
890 3857 916 3904 ln
936 3861 1034 3917 quarto,
1054 3853 1142 3914 clarae,
1163 3866 1211 3904 non
1230 3853 1330 3918 paterne
1349 3855 1413 3918 quod
1432 3867 1477 3916 cro
1496 3856 1596 3918 conieci,
1662 3891 1668 3902 .

488 3927 580 3978 codices
601 3927 704 3988 habent;
719 3941 796 3988 rurae,
816 3926 931 3977 llootenio
951 3926 1020 3986 duce,
1035 3927 1168 3990 assumpsit
1186 3927 1318 3988 Baehrens;
1334 3925 1415 3977 nescio
1435 3939 1466 3976 au
1484 3927 1597 3988 lintres

490 3997 633 4061 werlinghii
652 3997 776 4054 sententia,
793 3997 974 4060 praeterendum
990 3997 1035 4059 sit;
1050 4009 1131 4047 rerum
1152 3997 1216 4048 enim
1236 4009 1293 4050 rero
1312 4002 1353 4048 aut
1371 3995 1445 4048 cleris
1460 4001 1501 4049 aut
1519 3997 1599 4049 durae

489 4067 618 4120 tollendum
634 4079 687 4118 esse
701 4069 799 4118 minime
814 4067 906 4119 dubito.
