3886 5158
994 427 1034 474 DE
1055 427 1160 474 tulnae
1181 427 1294 474 tumult
1622 434 1696 476 xxxv

641 545 759 615 Vidisti
776 545 857 612 satis
876 533 996 632 ouibus
1012 544 1152 612 ducibus
1169 544 1315 612 inversu
1333 549 1365 611 ct
1381 545 1567 614 elocutione
1583 557 1700 618 noster

594 672 628 720 sc
649 652 802 738 gesserit,
821 669 961 737 quorum
982 651 1015 716 in
1039 651 1140 718 rerba
1152 651 1329 734 juraverim
1347 669 1436 718 nunc
1451 651 1630 720 dicendum
1648 664 1701 724 est

593 775 657 844 qua
682 756 809 822 rationo
833 763 1064 841 argumentum
1089 755 1203 822 Iliadis
1227 761 1422 842 persecutus
1449 758 1508 838 sit,
1533 778 1618 844 quas
1643 780 1698 828 res

594 862 799 949 explicuerit,
817 881 899 948 quas
915 869 971 928 aut
985 863 1039 928 vir
1056 861 1201 946 attigerit
1221 866 1276 928 aul
1298 861 1395 946 plane
1416 863 1577 930 omiserit.
1595 865 1696 942 Nam,

595 968 691 1035 modo
706 967 880 1053 strigosiur
894 987 1020 1050 eurum,
1039 986 1123 1052 qrrae
1140 967 1260 1033 cecinit
1275 967 1455 1048 Homerus,
1473 970 1697 1054 pulcherrima

595 1074 695 1141 nihilo
720 1077 827 1154 curat,
853 1091 915 1140 nec
941 1073 1020 1159 quid
1053 1073 1183 1139 valeant
1210 1073 1341 1140 violetur
1368 1074 1501 1160 quidem
1530 1077 1696 1156 sensisse;

594 1180 691 1246 modo
711 1179 887 1264 copiosior,
905 1179 953 1246 rel
974 1179 1014 1246 de
1035 1197 1095 1246 suo
1116 1179 1225 1266 frigidi
1246 1180 1296 1246 vel
1321 1180 1360 1246 dc
1381 1180 1454 1245 aliis
1472 1180 1697 1267 intempestivi

594 1285 715 1372 aliquid
731 1284 823 1351 addit
839 1284 920 1350 etin
936 1285 1086 1351 molestis
1102 1285 1382 1371 descriptionibus
1397 1293 1562 1353 versatur.

637 1389 718 1459 Cum
743 1391 900 1478 indagare
921 1391 1013 1476 coepi
1036 1411 1118 1477 quas
1139 1391 1180 1458 ub
1199 1411 1318 1459 causas
1343 1391 1422 1458 llius
1446 1392 1546 1458 latina
1568 1398 1697 1459 tantum
1749 1406 1763 1450 ··
1806 1459 1811 1466 ,

593 1498 715 1565 lastidii
739 1498 923 1583 legentibus
946 1498 1086 1578 adierat,
1106 1497 1268 1584 imprimis
1289 1498 1322 1564 id
1345 1498 1424 1564 mibi
1441 1500 1585 1566 occurrit
1607 1501 1696 1586 qrrod
1750 1587 1753 1592 Ι

594 1604 797 1670 membella
825 1603 960 1670 Italicus
991 1609 1103 1670 narrat
1130 1630 1146 1664 n
1175 1623 1302 1690 pugnas
1328 1609 1361 1670 ct
1389 1605 1523 1686 caedes,
1551 1606 1697 1691 impetus

593 1715 625 1776 ct
648 1711 742 1794 sugas
764 1736 779 1770 n
809 1708 831 1792 ¹,
858 1709 938 1774 nibil
963 1717 1019 1776 aut
1048 1709 1117 1775 iere
1149 1710 1229 1774 nibil
1260 1709 1346 1794 quod
1377 1710 1418 1775 ad
1448 1717 1563 1795 pectus
1593 1717 1626 1776 ct
1655 1709 1697 1776 ud

593 1815 725 1880 intimos
757 1816 859 1882 animi
890 1834 1008 1880 sensus
1040 1815 1216 1900 pertineat.
1248 1815 1396 1880 Achilles
1426 1816 1513 1900 apud
1543 1821 1694 1881 nostrum

592 1921 693 1986 durus
713 1921 809 1986 miles
831 1920 922 2000 furit,
940 1919 1097 2000 minatur,
1115 1925 1242 2004 strages
1261 1919 1351 2000 lacit,
1370 1924 1404 1984 at
1426 1919 1572 1986 humanu
1593 1920 1696 1987 corde

593 2025 672 2092 nibil
697 2026 872 2110 recogitat,
900 2025 981 2090 nibil
1009 2025 1194 2110 egregium,
1219 2025 1300 2090 nibil
1325 2024 1447 2092 elatum
1473 2025 1588 2106 lrabct;
1617 2046 1695 2092 nus·

593 2150 691 2218 quam
712 2131 752 2197 de
773 2134 877 2197 morte
898 2148 970 2212 sua,
988 2136 1024 2196 ut
1041 2129 1237 2216 saepissime
1261 2131 1294 2196 in
1315 2129 1432 2210 Iliade,
1454 2131 1527 2216 ipse
1549 2132 1696 2217 loquitur

592 2255 667 2304 cum
693 2235 843 2303 tristibus
872 2234 994 2316 verbis,
1021 2240 1139 2302 natura
1165 2241 1381 2322 repugnante,
1409 2236 1537 2302 sortiter
1570 2243 1694 2320 tamen,

592 2343 742 2409 vincente
764 2341 897 2408 laudum
919 2341 1082 2408 immensa
1105 2341 1276 2428 cupidiue;
1295 2361 1460 2428 nusquam
1480 2342 1514 2408 in
1539 2341 1695 2428 Epitoma

591 2448 771 2534 ingenuum
792 2448 938 2533 reperies
954 2447 1111 2532 juvenem
1129 2449 1197 2533 qui,
1220 2447 1375 2514 Patroclo
1396 2448 1519 2528 occiso,
1542 2466 1608 2514 non
1627 2448 1697 2515 Pa-

591 2554 731 2621 troclum
752 2553 863 2634 modo,
889 2571 949 2619 sua
969 2553 1067 2619 etiam
1088 2571 1180 2618 arma
1200 2553 1240 2618 ab
1261 2553 1356 2619 boste
1379 2558 1474 2638 capta
1498 2552 1608 2620 dellet.
1628 2553 1694 2623 Ubi

591 2659 765 2727 Phoenix?
785 2676 897 2724 senem
932 2655 1067 2724 Italicus
1101 2677 1143 2724 ne
1177 2659 1325 2723 nominat
1358 2657 1505 2744 qrridem.
1538 2655 1693 2724 Ceterum

590 2765 728 2834 consilio
751 2769 785 2830 et
807 2763 1002 2850 prudentiae
1026 2763 1060 2829 iu
1081 2761 1187 2830 Iliade
1208 2763 1311 2830 latina
1333 2763 1491 2829 minimus
1513 2768 1564 2829 est
1584 2763 1691 2830 locus.

589 2871 886 2958 Agamemnonem,
904 2873 940 2936 ut
954 2867 1053 2953 Troja
1069 2868 1198 2937 lucilius
1210 2869 1385 2955 potiretur,
1399 2887 1463 2936 non
1478 2868 1619 2936 Achillis
1636 2875 1693 2936 aut

588 2976 715 3062 AjaciS,
740 2975 800 3042 sed
823 2973 975 3042 Nestoris
1000 2975 1120 3053 decem,
1141 2975 1267 3042 similes
1292 2975 1354 3042 sibi
1382 2975 1549 3062 optavisse
1578 2980 1694 3042 noster

590 3089 644 3151 aut
673 3082 846 3168 ignorabat
874 3087 942 3162 aut,
977 3081 1102 3164 hercle,
1139 3100 1255 3167 parum
1286 3080 1533 3166 intellegebat:
1567 3081 1693 3149 Nestor

589 3189 676 3256 enim
710 3189 751 3254 ab
780 3187 836 3254 illo
865 3187 1035 3254 rarissime
1063 3187 1247 3268 inducitur,
1275 3205 1383 3273 neque
1412 3185 1525 3256 Ulixes
1556 3205 1690 3273 gravem

589 3294 670 3362 satis
689 3292 829 3379 suscipit
843 3311 1031 3379 personam.
1051 3291 1138 3373 Quid
1158 3293 1198 3359 de
1218 3291 1413 3359 mulieribus
1428 3291 1562 3360 dicam?
1579 3293 1693 3380 Agno-

589 3399 698 3467 scisne
718 3399 752 3464 iu
771 3397 925 3486 Epitoma
947 3417 1141 3484 generosam
1165 3403 1198 3465 ct
1218 3397 1441 3464 miserandam
1466 3417 1601 3466 uxorem
1624 3398 1690 3466 He·

589 3505 710 3584 cleric,
738 3503 833 3587 cuius
857 3509 967 3570 tumen
990 3503 1159 3588 Vergilius
1189 3521 1322 3588 quoque
1347 3509 1413 3570 tam
1436 3503 1580 3570 vividam
1605 3505 1692 3573 ima-

588 3611 697 3698 ginem
720 3615 834 3676 nostro
853 3608 1054 3695 praebebat?
1073 3607 1174 3675 Libro
1194 3614 1286 3675 sexto
1306 3608 1362 3675 illa
1383 3608 1484 3676 lilium
1505 3610 1540 3675 in
1564 3612 1691 3696 gremio

588 3720 697 3794 tenct;
720 3713 804 3780 libro
824 3719 940 3799 quarto
960 3713 1089 3780 decimo
1111 3713 1178 3779 vult
1199 3713 1233 3778 iu
1253 3731 1371 3799 rogum
1396 3714 1547 3800 coniugis
1572 3732 1608 3781 se
1629 3715 1692 3782 ini-

588 3839 679 3900 cerc;
698 3819 777 3885 nihil
794 3819 879 3886 ultra
893 3819 1115 3904 requiramus.
1134 3817 1307 3885 Hecubam
1325 3825 1376 3886 ter
1391 3819 1520 3905 frigidis
1536 3821 1690 3889 versibus

620 4051 641 4099 l.
658 4049 738 4100 l'orbis
753 4053 807 4100 utor
820 4062 882 4113 quae
897 4047 1035 4100 lienusdorl
1049 4049 1172 4114 usurpavit
1188 4064 1209 4099 r.
1226 4051 1272 4102 itte
1287 4049 1437 4102 illustrando.
