3886 5158
247 423 272 466 lil
654 421 693 468 DE
716 422 822 470 lumbe
843 421 958 469 burlun

245 537 411 620 laudatur,
427 537 567 607 verbum
583 541 813 610 Protulerunl
831 541 957 628 incipit,
975 537 1059 606 Lud.
1077 537 1184 605 Havel
1203 537 1344 624 glossam

245 643 301 711 hic
316 644 420 712 latere
436 645 548 711 statim
564 645 784 733 deprehendit
798 665 978 733 vocemque
993 645 1120 712 censuit
1134 644 1169 711 in
1184 644 1265 710 duas
1281 643 1347 708 dis·

244 749 460 836 tinguendum
483 769 570 834 esse,
590 770 656 838 pro
675 752 829 820 videlicet
847 758 880 819 et
899 753 1080 820 tulemnt:
1093 767 1190 836 quae,
1212 748 1252 816 ad
1271 767 1350 814 ver-

245 853 322 920 bum
349 855 535 940 quoddam,
562 875 599 924 re
624 875 727 924 unum
752 875 893 938 sonans,
920 856 979 923 sed
1002 855 1169 922 insolitam
1193 854 1343 920 minusve

244 959 489 1046 frequentatum
511 967 568 1028 aut
584 962 702 1028 saltem
719 962 805 1046 quod
827 962 890 1028 tale
908 960 1041 1028 librario
1057 960 1237 1028 semidocta
1252 958 1342 1024 vide-

244 1071 346 1148 retur,
371 1067 615 1153 explanandum
636 1067 671 1132 in
692 1067 815 1134 veteris
837 1067 1032 1152 exemplaris
1054 1066 1200 1152 margine
1219 1064 1346 1130 adseri-

245 1178 311 1253 tae,
327 1171 404 1238 inde
429 1171 462 1237 in
484 1177 607 1239 textum
624 1190 683 1258 pro
707 1172 848 1258 genuina
871 1173 1010 1239 lectione
1029 1171 1217 1257 irruperint.
1241 1168 1346 1250 Quid-

245 1295 321 1342 nam
346 1284 457 1343 autem
480 1278 653 1344 evanuerit
674 1277 752 1343 dum
772 1277 858 1344 Lud.
877 1277 985 1344 Havet
1009 1277 1147 1363 quaerit,
1170 1274 1259 1342 aliud
1281 1292 1344 1340 una

245 1381 359 1476 vitium
384 1382 417 1448 in
443 1381 508 1448 dne
532 1401 651 1448 versus
673 1384 808 1468 reperit,
830 1382 864 1450 id
892 1383 978 1469 quod
1004 1389 1055 1450 est
1069 1399 1223 1469 puppes,
1247 1379 1343 1465 vulgo

244 1487 414 1568 traditum,
432 1487 514 1553 nihil
530 1487 595 1554 nisi
616 1495 841 1556 commentum
858 1506 933 1555 esse
947 1507 1123 1574 veramque
1138 1504 1156 1553 e
1174 1503 1254 1553 voce
1274 1492 1349 1552 tur·-

243 1611 332 1677 πτας,
354 1593 441 1679 apud
467 1594 611 1661 eundem
636 1593 868 1662 Ermenricum
894 1597 1036 1682 reperta,
1061 1594 1235 1660 lectionem
1263 1609 1343 1678 pen·

245 1699 335 1767 dere.
364 1699 421 1768 Sic
456 1699 646 1769 Volcervmt
671 1737 716 1751 -
739 1701 860 1770 turbas
889 1701 1028 1770 feliciter
1055 1701 1106 1766 vir
1132 1698 1343 1766 doctissimus

245 1805 398 1890 conjecit,
423 1811 457 1872 ut
478 1807 589 1873 verius
613 1808 722 1874 dicam
742 1807 902 1895 reposuit.
920 1808 1016 1878 Unde
1031 1807 1066 1874 fit
1080 1802 1298 1874 ITALICVS.

290 1911 406 1996 Neque
417 1912 528 1979 minus
540 1913 573 1978 in
587 1914 692 1981 altero
703 1911 898 2006 ἀκροπιχίῳ
911 1914 1126 1996 restituendo,
1136 1929 1200 1998 quo
1212 1927 1345 1978 carmen

246 2015 422 2096 clauditur,
448 2017 569 2086 Haveti
595 2019 741 2086 sollertia
766 2021 900 2106 proluit.
928 2020 1162 2088 Dilireultatem
1193 2015 1344 2082 movebat

244 2139 363 2186 versus
379 2125 465 2188 1065
487 2143 494 2187 :
517 2143 616 2209 quem
638 2125 670 2190 in
692 2125 862 2192 codicibus
882 2127 1050 2192 oblittera
1070 2127 1097 2208 Q
1118 2125 1341 2210 incipientem,

246 2243 320 2292 eum
346 2231 480 2311 propter
502 2225 722 2318 παραπιχὶὀα
746 2230 775 2296 R
804 2230 1026 2312 desideretur,
1048 2230 1167 2297 mendo
1195 2227 1345 2296 laborare

245 2329 334 2396 haud
361 2329 591 2416 imprudenter
614 2352 674 2420 pro
701 2341 791 2400 certo
819 2335 969 2401 habebis.
997 2334 1082 2402 Cave
1106 2341 1233 2414 autem,
1258 2351 1339 2399 voce

245 2435 350 2500 remis
367 2433 465 2502 abne
485 2455 593 2522 usque
615 2437 650 2504 in
669 2438 800 2504 initium
820 2439 969 2522 trajecta,
985 2439 1181 2506 Baehrensii
1196 2437 1342 2504 remedio

246 2540 453 2606 assentiaris.
471 2540 537 2612 Ubi
554 2561 614 2629 ego
630 2544 786 2630 primum,
806 2545 900 2611 nisus
920 2543 1059 2611 lectione
1082 2543 1206 2611 codicis
1229 2540 1347 2609 Sonte-

246 2643 336 2710 niani
357 2645 496 2727 Vltima,
514 2647 594 2714 dum
614 2654 731 2734 poetae
751 2668 883 2716 mecum
903 2649 1094 2736 reputabam
1114 2649 1344 2734 properantem

246 2751 1345 2840 cursum,llcptimconieceram,Lud.Havetaequoloveseriben-

246 2853 325 2920 dum
339 2857 442 2924 liaris
457 2859 564 2924 satius
580 2857 684 2926 duxit.
696 2859 865 2926 Tenemus
881 2879 969 2928 nunc
982 2859 1118 2926 verbum
1129 2855 1342 2926 SCRIPSIT.

289 2958 473 3047 Postquam
499 2961 586 3030 Lud.
609 2963 718 3032 Havet
736 2983 853 3032 versus
879 2968 899 3031 7
919 2970 952 3032 et
972 2968 1057 3032 1065
1080 2969 1146 3030 tam
1172 2962 1341 3030 enucleate

246 3065 484 3147 emendaverit,
504 3087 639 3136 carmen
656 3074 804 3138 nostrum
821 3071 863 3136 ab
879 3069 993 3138 Italico
1013 3070 1155 3156 quodam
1175 3067 1344 3135 conditum

246 3186 321 3237 esse
336 3189 447 3256 nemo,
461 3173 591 3258 opinor,
604 3174 670 3242 nisi
684 3175 920 3262 inexspectatis
935 3176 1041 3262 iisque
1054 3173 1226 3242 tutissimis
1243 3172 1345 3238 lretus

246 3274 418 3360 subsidiis,
436 3280 543 3364 possit
557 3280 704 3348 infitiari.
722 3279 839 3368 Itaque
854 3276 1045 3348 ne'Hertzio
1064 3279 1198 3366 quidem
1218 3295 1343 3345 morem

245 3397 400 3464 geremus
416 3383 473 3467 qui
488 3383 636 3450 inversu
653 3385 793 3470 septimo
808 3385 988 3473 incipiente
1001 3404 1099 3452 voces
1113 3387 1171 3452 Ec
1185 3401 1252 3470 quo
1265 3381 1343 3448 reti-

245 3489 302 3550 net
316 3503 507 3574 nonumque
523 3489 568 3555 ita
585 3489 749 3558 deformat
763 3497 810 3574 ul,
827 3491 936 3559 verbis
958 3491 1039 3575 Quis
1059 3489 1143 3557 deus
1161 3490 1222 3555 bos
1241 3487 1341 3553 verbo

246 3589 300 3656 irc
324 3593 530 3678 praeposito,
558 3594 705 3662 litteral
730 3597 836 3682 prima
863 3601 1003 3674 constet,
1025 3595 1101 3662 inde
1125 3593 1246 3662 Italice
1270 3592 1341 3660 Sili

243 3695 436 3788 παραπιχίς
457 3705 671 3783 expromatur
694 3719 844 3788 opusque
864 3701 945 3771 Silio
967 3699 1081 3768 Italico
1102 3700 1258 3780 dicatum,
1276 3716 1343 3764 non

245 3799 286 3866 ab
314 3800 430 3870 Italico
461 3803 622 3890 scriptum
645 3805 782 3873 habeas.
805 3805 872 3876 Sed
897 3807 1020 3890 obstat,
1046 3809 1080 3872 ut
1107 3805 1171 3871 alia
1195 3804 1343 3884 millam,

244 3909 437 3998 παραστιχὶς
455 3909 621 3996 posterior
643 3912 791 4000 arrepsit,
810 3932 895 4001 quae
915 3931 1029 3982 casum
1048 3909 1285 3980 nominativum
1307 3907 1342 3974 in

245 4011 355 4098 priore
371 4013 524 4100 requirit,
541 4033 609 4084 non
623 4017 828 4086 vocativum,
