3886 5158
984 423 1023 471 li!
1044 423 1151 472 lutens
1171 424 1285 471 LATlNA

624 909 676 978 En
704 910 776 993 tihi,
800 911 905 978 lector
934 909 1140 992 doctissimo,
1162 928 1222 998 ego
1246 929 1377 998 quoque
1403 911 1556 980 subicere
1580 930 1683 979 ausus

581 1037 655 1086 sum
680 1016 795 1085 Iliadis
820 1017 943 1084 lotinne
968 1016 1149 1084 editionem
1177 1023 1334 1105 apparatu
1359 1019 1474 1088 critico
1498 1020 1683 1088 institutum

580 1125 819 1212 nominumque
839 1129 873 1190 et
891 1143 1003 1192 rerum
1026 1124 1137 1192 indice
1160 1125 1294 1211 copioso
1314 1130 1476 1193 ornatum.
1497 1126 1573 1194 dnm
1587 1126 1685 1212 snunc

580 1233 647 1302 scis
672 1251 737 1320 quo
761 1232 897 1298 nomine
926 1231 1025 1298 luerit
1049 1237 1158 1318 poeto,
1181 1251 1246 1318 quo
1271 1239 1419 1320 tompore
1438 1234 1567 1316 vixerit,
1585 1253 1683 1321 quern

580 1341 666 1406 inter
697 1338 867 1406 Romanos
899 1337 955 1424 qui
988 1335 1170 1405 Homerico
1200 1339 1348 1405 carmine
1380 1339 1483 1407 latine
1514 1343 1686 1408 verterunt

580 1445 760 1514 obtinuerit
785 1445 1001 1531 locum,'quo
1024 1444 1152 1512 rationo
1181 1449 1213 1513 et
1238 1465 1302 1532 quo
1332 1446 1470 1514 consilio
1495 1447 1684 1534 Epitomam

580 1553 751 1641 scripserit
770 1571 879 1620 sunm.
902 1551 1039 1620 italicus
1059 1556 1173 1620 noster
1190 1553 1287 1640 primi
1309 1559 1385 1641 post
1404 1552 1482 1622 Cirr.
1501 1575 1535 1622 n.
1558 1555 1683 1623 soeculi

579 1661 689 1749 priore
705 1665 798 1748 parte
814 1658 968 1740 llorebut;
986 1659 1222 1745 grammaticus
1237 1659 1367 1728 videtur
1381 1661 1435 1728 ille
1451 1661 1555 1728 luisse
1570 1662 1625 1747 qui
1641 1661 1683 1729 nd

579 1784 700 1852 pueros
726 1763 928 1844 edocendos,
961 1763 1043 1829 sotis
1068 1763 1187 1849 frigide
1214 1769 1247 1830 ct
1270 1765 1359 1832 nullo
1384 1766 1453 1832 lere
1477 1765 1623 1852 ingenio,
1650 1771 1683 1832 nt

578 1871 652 1958 puri
668 1869 832 1937 sermonis
848 1869 995 1954 artisque
1010 1868 1168 1934 mctricne
1189 1867 1352 1954 elegantia
1367 1870 1522 1956 religiose
1537 1875 1679 1950 servato,

577 1978 664 2044 lieno
682 1975 871 2062 Epitomnm
898 1973 1056 2042 condidit.
1078 1973 1128 2040 Er
1152 1979 1198 2042 tot
1219 1981 1328 2042 nutem
1358 1975 1468 2042 latinis
1490 1977 1596 2063 poetis
1624 1977 1680 2064 qui

577 2103 696 2151 versus
717 2079 857 2149 Homeri
878 2081 912 2146 in
932 2081 1051 2148 latinos
1066 2081 1248 2148 transferre
1263 2101 1330 2149 non
1349 2083 1445 2150 veriti
1466 2087 1555 2167 sunt,
1572 2083 1680 2152 Italici

579 2191 676 2258 unius
700 2207 784 2276 opus
810 2187 977 2273 integrum
1001 2191 1165 2274 superest,
1193 2206 1258 2274 quo
1286 2189 1343 2256 diu
1372 2207 1494 2276 pueros
1523 2209 1680 2259 romanos

577 2299 611 2366 in
636 2297 723 2366 ludis
745 2314 825 2364 usos
850 2313 926 2364 esse
949 2295 1038 2362 haud
1059 2296 1129 2362 veri
1154 2295 1314 2364 dissimile
1339 2299 1544 2380 censuimus,
1570 2299 1617 2367 ita
1646 2307 1681 2367 ut

576 2403 764 2474 Homericis
785 2421 870 2490 quae
887 2402 1014 2470 Romae
1031 2403 1198 2489 viguerint
1211 2401 1331 2470 studiis
1350 2403 1482 2471 libellus
1501 2405 1556 2472 ille
1574 2404 1680 2491 pluri·

576 2529 667 2578 mum
681 2508 817 2577 luminis
831 2507 970 2574 adterat.

846 2852 910 2910 viui
925 2869 961 2909 nc
974 2854 1086 2927 perlegi

700 2940 820 2997 Lutetioe
839 2941 1026 3012 Parisiorum,
1041 2941 1071 2997 in
1086 2942 1230 3011 sorbonn,

617 3050 621 3057 ¹
654 3045 683 3087 a.
699 3030 728 3086 d.
745 3031 768 3084 V
782 3030 848 3087 idus
863 3030 926 3088 dec.
942 3047 1011 3088 ann.
1026 3032 1261 3089 Mucccnxxxtl.

687 3121 838 3178 lincrdtutis
861 3121 1018 3178 tttterorum
1039 3125 1070 3178 in
1092 3125 1245 3180 Academia

812 3215 961 3284 pai-telmon·
978 3215 1113 3282 Dccomu,

885 3321 920 3376 Α.
935 3319 1036 3376 illuns.

1249 3461 1334 3534 ‘lypis
1346 3459 1513 3518 mandetur.

1155 3551 1312 3610 Academia
1317 3553 1482 3623 parisiensis
1496 3553 1603 3621 ilector,

1035 3639 1044 3660 ⁹
1320 3657 1444 3716 omnm.

1778 1457 1826 1500 :s
1859 1461 1875 1488 n

1752 1499 1800 1518 'a
