<?xml version="1.0" encoding="UTF-8"?>
<!DOCTYPE html PUBLIC "-//W3C//DTD XHTML 1.0 Transitional//EN"
    "http://www.w3.org/TR/xhtml1/DTD/xhtml1-transitional.dtd">
<html xmlns="http://www.w3.org/1999/xhtml" xml:lang="en" lang="en">
 <head>
  <title>
</title>
<meta http-equiv="Content-Type" content="text/html;charset=utf-8" />
  <meta name='ocr-system' content='tesseract 3.04.00' />
  <meta name='ocr-capabilities' content='ocr_page ocr_carea ocr_par ocr_line ocrx_word'/>
</head>
<body>
  <div class='ocr_page' id='page_1' title='image "./deitaliciiliasl00plesgoog_0026.png"; bbox 0 0 3886 5158; ppageno 0'>
   <div class='ocr_carea' id='block_1_1' title="bbox 954 454 1655 503">
    <p class='ocr_par' dir='ltr' id='par_1_1' title="bbox 954 454 1655 503">
     <span class='ocr_line' id='line_1_1' title="bbox 954 454 1655 503; baseline 0 -1"><span class='ocrx_word' id='word_1_1' title='bbox 954 455 994 503; x_wconf 81' lang='lat' dir='ltr'><strong>DE</strong></span> <span class='ocrx_word' id='word_1_2' title='bbox 1016 454 1121 502; x_wconf 71' lang='lat' dir='ltr'><strong>laland</strong></span> <span class='ocrx_word' id='word_1_3' title='bbox 1142 455 1255 502; x_wconf 73' lang='lat' dir='ltr'><strong>terrun</strong></span> <span class='ocrx_word' id='word_1_4' title='bbox 1627 459 1655 502; x_wconf 77' lang='lat' dir='ltr'><strong>ar</strong></span> 
     </span>
    </p>
   </div>
   <div class='ocr_carea' id='block_1_2' title="bbox 550 573 1655 2140">
    <p class='ocr_par' dir='ltr' id='par_1_2' title="bbox 551 573 1655 1380">
     <span class='ocr_line' id='line_1_2' title="bbox 553 573 1654 660; baseline 0.002 -21"><span class='ocrx_word' id='word_1_5' title='bbox 553 573 654 640; x_wconf 90' lang='lat' dir='ltr'><strong>tricae</strong></span> <span class='ocrx_word' id='word_1_6' title='bbox 691 574 888 655; x_wconf 79' lang='lat' dir='ltr'><strong>sinceritas,</strong></span> <span class='ocrx_word' id='word_1_7' title='bbox 919 573 1083 660; x_wconf 92' lang='lat' dir='ltr'><strong>reliquum</strong></span> <span class='ocrx_word' id='word_1_8' title='bbox 1113 579 1163 640; x_wconf 92' lang='lat' dir='ltr'><strong>est</strong></span> <span class='ocrx_word' id='word_1_9' title='bbox 1195 579 1230 640; x_wconf 92' lang='lat' dir='ltr'><strong>ut</strong></span> <span class='ocrx_word' id='word_1_10' title='bbox 1263 574 1468 659; x_wconf 80' lang='lat' dir='ltr'>inquiramus</span> <span class='ocrx_word' id='word_1_11' title='bbox 1497 593 1539 641; x_wconf 92' lang='lat' dir='ltr'><strong>an</strong></span> <span class='ocrx_word' id='word_1_12' title='bbox 1569 575 1654 641; x_wconf 90' lang='lat' dir='ltr'><strong>lortc</strong></span> 
     </span>
     <span class='ocr_line' id='line_1_3' title="bbox 553 679 1653 765; baseline 0 -19"><span class='ocrx_word' id='word_1_13' title='bbox 553 679 730 765; x_wconf 92' lang='lat' dir='ltr'><strong>quicquam</strong></span> <span class='ocrx_word' id='word_1_14' title='bbox 759 679 800 746; x_wconf 89' lang='lat' dir='ltr'><strong>ab</strong></span> <span class='ocrx_word' id='word_1_15' title='bbox 825 679 912 746; x_wconf 91' lang='lat' dir='ltr'><strong>illius</strong></span> <span class='ocrx_word' id='word_1_16' title='bbox 937 679 1055 746; x_wconf 87' lang='lat' dir='ltr'><strong>aetatis</strong></span> <span class='ocrx_word' id='word_1_17' title='bbox 1078 697 1230 746; x_wconf 84' lang='lat' dir='ltr'><strong>sermone</strong></span> <span class='ocrx_word' id='word_1_18' title='bbox 1252 680 1417 746; x_wconf 92' lang='lat' dir='ltr'><strong>insuetum</strong></span> <span class='ocrx_word' id='word_1_19' title='bbox 1446 681 1480 746; x_wconf 92' lang='lat' dir='ltr'><strong>in</strong></span> <span class='ocrx_word' id='word_1_20' title='bbox 1505 681 1653 747; x_wconf 83' lang='lat' dir='ltr'><strong>carmine</strong></span> 
     </span>
     <span class='ocr_line' id='line_1_4' title="bbox 551 783 1648 871; baseline 0.001 -21"><span class='ocrx_word' id='word_1_21' title='bbox 551 789 665 852; x_wconf 90' lang='lat' dir='ltr'><strong>nostro</strong></span> <span class='ocrx_word' id='word_1_22' title='bbox 693 783 795 852; x_wconf 87' lang='lat' dir='ltr'><strong>Iliaco</strong></span> <span class='ocrx_word' id='word_1_23' title='bbox 824 785 1008 871; x_wconf 78' lang='lat' dir='ltr'><strong>displiceat.</strong></span> <span class='ocrx_word' id='word_1_24' title='bbox 1035 783 1071 854; x_wconf 88' lang='lat' dir='ltr'><strong>Si</strong></span> <span class='ocrx_word' id='word_1_25' title='bbox 1096 784 1175 852; x_wconf 89' lang='lat' dir='ltr'><strong>nihil</strong></span> <span class='ocrx_word' id='word_1_26' title='bbox 1201 786 1272 870; x_wconf 88' lang='lat' dir='ltr'><strong>ejus</strong></span> <span class='ocrx_word' id='word_1_27' title='bbox 1296 785 1384 852; x_wconf 92' lang='lat' dir='ltr'><strong>modi</strong></span> <span class='ocrx_word' id='word_1_28' title='bbox 1407 785 1541 868; x_wconf 80' lang='lat' dir='ltr'><strong>incidit,</strong></span> <span class='ocrx_word' id='word_1_29' title='bbox 1569 785 1648 870; x_wconf 94' lang='lat' dir='ltr'><strong>quid</strong></span> 
     </span>
     <span class='ocr_line' id='line_1_5' title="bbox 553 889 1655 978; baseline 0.001 -22"><span class='ocrx_word' id='word_1_30' title='bbox 553 889 663 956; x_wconf 86' lang='lat' dir='ltr'><strong>obstat</strong></span> <span class='ocrx_word' id='word_1_31' title='bbox 694 891 871 977; x_wconf 90' lang='lat' dir='ltr'><strong>quominus</strong></span> <span class='ocrx_word' id='word_1_32' title='bbox 898 891 1004 977; x_wconf 92' lang='lat' dir='ltr'><strong>primo</strong></span> <span class='ocrx_word' id='word_1_33' title='bbox 1035 892 1168 958; x_wconf 92' lang='lat' dir='ltr'><strong>saeculo</strong></span> <span class='ocrx_word' id='word_1_34' title='bbox 1196 891 1382 978; x_wconf 88' lang='lat' dir='ltr'><strong>Epitomam</strong></span> <span class='ocrx_word' id='word_1_35' title='bbox 1414 891 1655 976; x_wconf 83' lang='lat' dir='ltr'><strong>assignemus?</strong></span> 
     </span>
     <span class='ocr_line' id='line_1_6' title="bbox 552 994 1651 1082; baseline 0 -20"><span class='ocrx_word' id='word_1_36' title='bbox 552 994 710 1082; x_wconf 86' lang='lat' dir='ltr'><strong>Principe</strong></span> <span class='ocrx_word' id='word_1_37' title='bbox 738 994 952 1064; x_wconf 88' lang='lat' dir='ltr'><strong>Lachmanno</strong></span> <span class='ocrx_word' id='word_1_38' title='bbox 982 995 990 1030; x_wconf 93' lang='lat'><strong>¹</strong></span> <span class='ocrx_word' id='word_1_39' title='bbox 1019 997 1116 1064; x_wconf 92' lang='lat' dir='ltr'><strong>istam</strong></span> <span class='ocrx_word' id='word_1_40' title='bbox 1144 997 1231 1063; x_wconf 88' lang='lat' dir='ltr'><strong>viam</strong></span> <span class='ocrx_word' id='word_1_41' title='bbox 1262 1001 1479 1078; x_wconf 78' lang='lat' dir='ltr'><strong>monstrante,</strong></span> <span class='ocrx_word' id='word_1_42' title='bbox 1510 996 1651 1063; x_wconf 80' lang='lat' dir='ltr'><strong>feliciter</strong></span> 
     </span>
     <span class='ocr_line' id='line_1_7' title="bbox 553 1099 1649 1189; baseline -0.001 -21"><span class='ocrx_word' id='word_1_43' title='bbox 553 1119 750 1188; x_wconf 87' lang='lat' dir='ltr'><strong>progressus</strong></span> <span class='ocrx_word' id='word_1_44' title='bbox 775 1108 827 1169; x_wconf 92' lang='lat' dir='ltr'><strong>est</strong></span> <span class='ocrx_word' id='word_1_45' title='bbox 851 1100 1019 1170; x_wconf 78' lang='lat' dir='ltr'><strong>Lucienus</strong></span> <span class='ocrx_word' id='word_1_46' title='bbox 1044 1102 1185 1169; x_wconf 79' lang='lat' dir='ltr'><strong>Mueller</strong></span> <span class='ocrx_word' id='word_1_47' title='bbox 1205 1099 1233 1182; x_wconf 86' lang='lat'><strong>¹;</strong></span> <span class='ocrx_word' id='word_1_48' title='bbox 1254 1121 1393 1189; x_wconf 92' lang='lat' dir='ltr'><strong>quorum</strong></span> <span class='ocrx_word' id='word_1_49' title='bbox 1419 1103 1649 1168; x_wconf 89' lang='lat' dir='ltr'><strong>auctoritatem</strong></span> 
     </span>
     <span class='ocr_line' id='line_1_8' title="bbox 553 1207 1648 1292; baseline 0.002 -20"><span class='ocrx_word' id='word_1_50' title='bbox 553 1207 742 1292; x_wconf 88' lang='lat' dir='ltr'><strong>nuperrime</strong></span> <span class='ocrx_word' id='word_1_51' title='bbox 777 1209 875 1274; x_wconf 87' lang='lat' dir='ltr'><strong>etiam</strong></span> <span class='ocrx_word' id='word_1_52' title='bbox 909 1227 967 1274; x_wconf 89' lang='lat' dir='ltr'><strong>suo</strong></span> <span class='ocrx_word' id='word_1_53' title='bbox 1011 1209 1203 1276; x_wconf 89' lang='lat' dir='ltr'><strong>auctoritato</strong></span> <span class='ocrx_word' id='word_1_54' title='bbox 1237 1209 1451 1276; x_wconf 88' lang='lat' dir='ltr'><strong>communivit</strong></span> <span class='ocrx_word' id='word_1_55' title='bbox 1483 1209 1648 1275; x_wconf 78' lang='lat' dir='ltr'><strong>Aemilius</strong></span> 
     </span>
     <span class='ocr_line' id='line_1_9' title="bbox 552 1311 764 1380; baseline 0 -2"><span class='ocrx_word' id='word_1_56' title='bbox 552 1311 725 1380; x_wconf 87' lang='lat' dir='ltr'><strong>Baehrens</strong></span> <span class='ocrx_word' id='word_1_57' title='bbox 740 1322 764 1378; x_wconf 82' lang='lat'><strong>³.</strong></span> 
     </span>
    </p>

    <p class='ocr_par' dir='ltr' id='par_1_3' title="bbox 550 1417 1654 2140">
     <span class='ocr_line' id='line_1_10' title="bbox 596 1417 1653 1508; baseline 0.001 -23"><span class='ocrx_word' id='word_1_58' title='bbox 596 1417 773 1504; x_wconf 86' lang='lat' dir='ltr'><strong>Equidem,</strong></span> <span class='ocrx_word' id='word_1_59' title='bbox 789 1426 963 1506; x_wconf 88' lang='lat' dir='ltr'><strong>postquam</strong></span> <span class='ocrx_word' id='word_1_60' title='bbox 980 1439 1039 1508; x_wconf 91' lang='lat' dir='ltr'><strong>pro</strong></span> <span class='ocrx_word' id='word_1_61' title='bbox 1058 1420 1184 1488; x_wconf 88' lang='lat' dir='ltr'><strong>viribus</strong></span> <span class='ocrx_word' id='word_1_62' title='bbox 1202 1421 1376 1506; x_wconf 83' lang='lat' dir='ltr'><strong>diligenter</strong></span> <span class='ocrx_word' id='word_1_63' title='bbox 1396 1420 1550 1507; x_wconf 86' lang='lat' dir='ltr'><strong>indagavi</strong></span> <span class='ocrx_word' id='word_1_64' title='bbox 1568 1439 1653 1506; x_wconf 89' lang='lat' dir='ltr'><strong>quas</strong></span> 
     </span>
     <span class='ocr_line' id='line_1_11' title="bbox 551 1526 1653 1613; baseline 0.005 -26"><span class='ocrx_word' id='word_1_65' title='bbox 551 1542 650 1591; x_wconf 88' lang='lat' dir='ltr'><strong>voces</strong></span> <span class='ocrx_word' id='word_1_66' title='bbox 670 1531 784 1592; x_wconf 91' lang='lat' dir='ltr'><strong>noster</strong></span> <span class='ocrx_word' id='word_1_67' title='bbox 803 1526 1002 1608; x_wconf 88' lang='lat' dir='ltr'><strong>adtribuerit,</strong></span> <span class='ocrx_word' id='word_1_68' title='bbox 1028 1545 1131 1613; x_wconf 92' lang='lat' dir='ltr'><strong>quem·</strong></span> <span class='ocrx_word' id='word_1_69' title='bbox 1146 1527 1180 1593; x_wconf 90' lang='lat' dir='ltr'><strong>ia</strong></span> <span class='ocrx_word' id='word_1_70' title='bbox 1206 1527 1353 1594; x_wconf 89' lang='lat' dir='ltr'><strong>ordinem</strong></span> <span class='ocrx_word' id='word_1_71' title='bbox 1376 1526 1555 1613; x_wconf 84' lang='lat' dir='ltr'><strong>redegerit,</strong></span> <span class='ocrx_word' id='word_1_72' title='bbox 1577 1527 1653 1612; x_wconf 92' lang='lat' dir='ltr'><strong>qui-</strong></span> 
     </span>
     <span class='ocr_line' id='line_1_12' title="bbox 551 1629 1654 1717; baseline 0.002 -21"><span class='ocrx_word' id='word_1_73' title='bbox 551 1629 614 1696; x_wconf 92' lang='lat' dir='ltr'><strong>hus</strong></span> <span class='ocrx_word' id='word_1_74' title='bbox 638 1630 746 1696; x_wconf 91' lang='lat' dir='ltr'><strong>modis</strong></span> <span class='ocrx_word' id='word_1_75' title='bbox 775 1633 995 1717; x_wconf 88' lang='lat' dir='ltr'><strong>conjunxerit,</strong></span> <span class='ocrx_word' id='word_1_76' title='bbox 1021 1633 1087 1699; x_wconf 91' lang='lat' dir='ltr'><strong>illis</strong></span> <span class='ocrx_word' id='word_1_77' title='bbox 1114 1634 1315 1700; x_wconf 88' lang='lat' dir='ltr'><strong>doctissimis</strong></span> <span class='ocrx_word' id='word_1_78' title='bbox 1343 1633 1422 1699; x_wconf 84' lang='lat' dir='ltr'><strong>uiris</strong></span> <span class='ocrx_word' id='word_1_79' title='bbox 1446 1651 1512 1698; x_wconf 91' lang='lat' dir='ltr'><strong>non</strong></span> <span class='ocrx_word' id='word_1_80' title='bbox 1534 1651 1654 1699; x_wconf 85' lang='lat' dir='ltr'><strong>vereor</strong></span> 
     </span>
     <span class='ocr_line' id='line_1_13' title="bbox 552 1737 1654 1826; baseline 0.003 -25"><span class='ocrx_word' id='word_1_81' title='bbox 552 1737 720 1803; x_wconf 91' lang='lat' dir='ltr'><strong>assentiri.</strong></span> <span class='ocrx_word' id='word_1_82' title='bbox 749 1737 896 1805; x_wconf 80' lang='lat' dir='ltr'><strong>Verbum</strong></span> <span class='ocrx_word' id='word_1_83' title='bbox 925 1741 1059 1825; x_wconf 91' lang='lat' dir='ltr'><strong>quidem</strong></span> <span class='ocrx_word' id='word_1_84' title='bbox 1088 1740 1234 1823; x_wconf 79' lang='lat' dir='ltr'><strong>m&#39;ruora,</strong></span> <span class='ocrx_word' id='word_1_85' title='bbox 1264 1741 1350 1826; x_wconf 93' lang='lat' dir='ltr'><strong>quod</strong></span> <span class='ocrx_word' id='word_1_86' title='bbox 1379 1739 1528 1805; x_wconf 87' lang='lat' dir='ltr'><strong>redoleat</strong></span> <span class='ocrx_word' id='word_1_87' title='bbox 1556 1745 1654 1804; x_wconf 86' lang='lat' dir='ltr'><strong>uetus</strong></span> 
     </span>
     <span class='ocr_line' id='line_1_14' title="bbox 551 1841 1649 1931; baseline 0.003 -24"><span class='ocrx_word' id='word_1_88' title='bbox 551 1841 718 1926; x_wconf 86' lang='lat' dir='ltr'><strong>quoddam</strong></span> <span class='ocrx_word' id='word_1_89' title='bbox 735 1849 832 1930; x_wconf 87' lang='lat' dir='ltr'><strong>atque</strong></span> <span class='ocrx_word' id='word_1_90' title='bbox 853 1845 894 1910; x_wconf 90' lang='lat' dir='ltr'><strong>ab</strong></span> <span class='ocrx_word' id='word_1_91' title='bbox 914 1846 1037 1931; x_wconf 93' lang='lat' dir='ltr'><strong>optima</strong></span> <span class='ocrx_word' id='word_1_92' title='bbox 1052 1847 1142 1912; x_wconf 85' lang='lat' dir='ltr'><strong>latini</strong></span> <span class='ocrx_word' id='word_1_93' title='bbox 1160 1847 1325 1912; x_wconf 91' lang='lat' dir='ltr'><strong>sermonis</strong></span> <span class='ocrx_word' id='word_1_94' title='bbox 1340 1849 1447 1912; x_wconf 90' lang='lat' dir='ltr'><strong>aetate</strong></span> <span class='ocrx_word' id='word_1_95' title='bbox 1464 1845 1649 1924; x_wconf 90' lang='lat' dir='ltr'><strong>insuetum,</strong></span> 
     </span>
     <span class='ocr_line' id='line_1_15' title="bbox 551 1946 1650 2036; baseline 0.002 -24"><span class='ocrx_word' id='word_1_96' title='bbox 551 1946 780 2033; x_wconf 77' lang='lat' dir='ltr'><strong>Bernhardyio</strong></span> <span class='ocrx_word' id='word_1_97' title='bbox 798 1954 809 1988; x_wconf 67' lang='lat'>⁵</span> <span class='ocrx_word' id='word_1_98' title='bbox 824 1950 1023 2035; x_wconf 89' lang='lat' dir='ltr'><strong>suspicionis</strong></span> <span class='ocrx_word' id='word_1_99' title='bbox 1038 1951 1162 2036; x_wconf 89' lang='lat' dir='ltr'><strong>aliquid</strong></span> <span class='ocrx_word' id='word_1_100' title='bbox 1175 1951 1318 2017; x_wconf 86' lang='lat' dir='ltr'><strong>movisse</strong></span> <span class='ocrx_word' id='word_1_101' title='bbox 1332 1951 1475 2017; x_wconf 86' lang='lat' dir='ltr'><strong>videtur.</strong></span> <span class='ocrx_word' id='word_1_102' title='bbox 1488 1949 1546 2018; x_wconf 90' lang='lat' dir='ltr'><strong>Sic</strong></span> <span class='ocrx_word' id='word_1_103' title='bbox 1561 1949 1650 2016; x_wconf 89' lang='lat' dir='ltr'><strong>enim</strong></span> 
     </span>
     <span class='ocr_line' id='line_1_16' title="bbox 550 2054 947 2140; baseline 0.01 -24"><span class='ocrx_word' id='word_1_104' title='bbox 550 2069 686 2118; x_wconf 89' lang='lat' dir='ltr'><strong>versum</strong></span> <span class='ocrx_word' id='word_1_105' title='bbox 701 2057 766 2124; x_wconf 73' lang='lat' dir='ltr'><strong>udo</strong></span> <span class='ocrx_word' id='word_1_106' title='bbox 781 2054 921 2140; x_wconf 91' lang='lat' dir='ltr'><strong>legimus</strong></span> <span class='ocrx_word' id='word_1_107' title='bbox 938 2073 947 2120; x_wconf 92' lang='lat'>:</span> 
     </span>
    </p>
   </div>
   <div class='ocr_carea' id='block_1_3' title="bbox 711 2217 1360 2304">
    <p class='ocr_par' dir='ltr' id='par_1_4' title="bbox 711 2217 1360 2304">
     <span class='ocr_line' id='line_1_17' title="bbox 711 2217 1360 2304; baseline 0.003 -22"><span class='ocrx_word' id='word_1_108' title='bbox 711 2217 843 2301; x_wconf 90' lang='lat' dir='ltr'><strong>Undique</strong></span> <span class='ocrx_word' id='word_1_109' title='bbox 858 2219 1000 2282; x_wconf 88' lang='lat' dir='ltr'><strong>rimabant</strong></span> <span class='ocrx_word' id='word_1_110' title='bbox 1013 2220 1128 2283; x_wconf 90' lang='lat' dir='ltr'><strong>inimico</strong></span> <span class='ocrx_word' id='word_1_111' title='bbox 1142 2241 1260 2304; x_wconf 89' lang='lat' dir='ltr'><strong>corporo</strong></span> <span class='ocrx_word' id='word_1_112' title='bbox 1275 2222 1360 2285; x_wconf 88' lang='lat' dir='ltr'><strong>lerro.</strong></span> 
     </span>
    </p>
   </div>
   <div class='ocr_carea' id='block_1_4' title="bbox 550 2376 1652 2786">
    <p class='ocr_par' dir='ltr' id='par_1_5' title="bbox 550 2376 1652 2786">
     <span class='ocr_line' id='line_1_18' title="bbox 596 2376 1652 2469; baseline 0 -23"><span class='ocrx_word' id='word_1_113' title='bbox 596 2376 677 2446; x_wconf 86' lang='lat' dir='ltr'><strong>Cum</strong></span> <span class='ocrx_word' id='word_1_114' title='bbox 709 2387 819 2446; x_wconf 89' lang='lat' dir='ltr'><strong>autam</strong></span> <span class='ocrx_word' id='word_1_115' title='bbox 848 2381 985 2448; x_wconf 88' lang='lat' dir='ltr'><strong>verbum</strong></span> <span class='ocrx_word' id='word_1_116' title='bbox 1015 2381 1182 2469; x_wconf 92' lang='lat' dir='ltr'><strong>deponens</strong></span> <span class='ocrx_word' id='word_1_117' title='bbox 1212 2384 1339 2450; x_wconf 83' lang='lat' dir='ltr'><strong>rimari</strong></span> <span class='ocrx_word' id='word_1_118' title='bbox 1362 2381 1543 2468; x_wconf 84' lang='lat' dir='ltr'><strong>Vergilius,</strong></span> <span class='ocrx_word' id='word_1_119' title='bbox 1571 2377 1652 2448; x_wconf 83' lang='lat' dir='ltr'><strong>Oai-</strong></span> 
     </span>
     <span class='ocr_line' id='line_1_19' title="bbox 551 2485 1652 2574; baseline 0 -22"><span class='ocrx_word' id='word_1_120' title='bbox 551 2485 640 2566; x_wconf 90' lang='lat' dir='ltr'><strong>dius,</strong></span> <span class='ocrx_word' id='word_1_121' title='bbox 658 2486 713 2552; x_wconf 89' lang='lat' dir='ltr'><strong>alii</strong></span> <span class='ocrx_word' id='word_1_122' title='bbox 738 2491 852 2573; x_wconf 89' lang='lat' dir='ltr'><strong>postea</strong></span> <span class='ocrx_word' id='word_1_123' title='bbox 877 2497 1088 2574; x_wconf 85' lang='lat' dir='ltr'><strong>usurparent,</strong></span> <span class='ocrx_word' id='word_1_124' title='bbox 1106 2487 1209 2574; x_wconf 78' lang='lat' dir='ltr'><strong>sigma</strong></span> <span class='ocrx_word' id='word_1_125' title='bbox 1234 2508 1317 2574; x_wconf 91' lang='lat' dir='ltr'><strong>quae</strong></span> <span class='ocrx_word' id='word_1_126' title='bbox 1342 2493 1392 2555; x_wconf 90' lang='lat' dir='ltr'><strong>cst</strong></span> <span class='ocrx_word' id='word_1_127' title='bbox 1415 2489 1546 2554; x_wconf 84' lang='lat' dir='ltr'><strong>m‘more</strong></span> <span class='ocrx_word' id='word_1_128' title='bbox 1565 2487 1652 2573; x_wconf 92' lang='lat' dir='ltr'><strong>apud</strong></span> 
     </span>
     <span class='ocr_line' id='line_1_20' title="bbox 551 2591 1651 2680; baseline -0.001 -20"><span class='ocrx_word' id='word_1_129' title='bbox 551 2593 756 2680; x_wconf 83' lang='lat' dir='ltr'><strong>antiquiores</strong></span> <span class='ocrx_word' id='word_1_130' title='bbox 781 2595 918 2663; x_wconf 91' lang='lat' dir='ltr'><strong>obtinet.</strong></span> <span class='ocrx_word' id='word_1_131' title='bbox 942 2595 1028 2663; x_wconf 85' lang='lat' dir='ltr'><strong>Vide</strong></span> <span class='ocrx_word' id='word_1_132' title='bbox 1053 2597 1135 2663; x_wconf 89' lang='lat' dir='ltr'><strong>lraec</strong></span> <span class='ocrx_word' id='word_1_133' title='bbox 1160 2596 1311 2677; x_wconf 89' lang='lat' dir='ltr'><strong>Pacuvii,</strong></span> <span class='ocrx_word' id='word_1_134' title='bbox 1334 2613 1365 2662; x_wconf 89' lang='lat' dir='ltr'><strong>v.</strong></span> <span class='ocrx_word' id='word_1_135' title='bbox 1393 2597 1446 2678; x_wconf 83' lang='grc'><strong>71,</strong></span> <span class='ocrx_word' id='word_1_136' title='bbox 1470 2613 1504 2680; x_wconf 93' lang='lat' dir='ltr'><strong>p.</strong></span> <span class='ocrx_word' id='word_1_137' title='bbox 1528 2597 1584 2678; x_wconf 86' lang='lat'><strong>85,</strong></span> <span class='ocrx_word' id='word_1_138' title='bbox 1610 2591 1651 2661; x_wconf 94' lang='grc' dir='ltr'><strong>Ο.</strong></span> 
     </span>
     <span class='ocr_line' id='line_1_21' title="bbox 550 2696 1174 2786; baseline 0.002 -22"><span class='ocrx_word' id='word_1_139' title='bbox 550 2696 664 2782; x_wconf 72' lang='lat' dir='ltr'><strong>aino,</strong></span> <span class='ocrx_word' id='word_1_140' title='bbox 683 2699 736 2766; x_wconf 89' lang='lat' dir='ltr'><strong>ed.</strong></span> <span class='ocrx_word' id='word_1_141' title='bbox 753 2699 826 2780; x_wconf 81' lang='lat' dir='ltr'><strong>alt,</strong></span> <span class='ocrx_word' id='word_1_142' title='bbox 841 2719 894 2786; x_wconf 90' lang='lat' dir='ltr'><strong>ap.</strong></span> <span class='ocrx_word' id='word_1_143' title='bbox 911 2699 1014 2783; x_wconf 82' lang='lat' dir='ltr'><strong>Non,</strong></span> <span class='ocrx_word' id='word_1_144' title='bbox 1032 2703 1109 2784; x_wconf 81' lang='lat'><strong>382,</strong></span> <span class='ocrx_word' id='word_1_145' title='bbox 1126 2704 1146 2765; x_wconf 92' lang='lat'>7</span> <span class='ocrx_word' id='word_1_146' title='bbox 1166 2721 1174 2766; x_wconf 90' lang='lat'><strong>:</strong></span> 
     </span>
    </p>
   </div>
   <div class='ocr_carea' id='block_1_5' title="bbox 549 2853 1393 3266">
    <p class='ocr_par' dir='ltr' id='par_1_6' title="bbox 549 2853 1393 3266">
     <span class='ocr_line' id='line_1_22' title="bbox 712 2853 1393 2940; baseline 0.001 -23"><span class='ocrx_word' id='word_1_147' title='bbox 712 2853 787 2918; x_wconf 86' lang='lat' dir='ltr'><strong>Cum</strong></span> <span class='ocrx_word' id='word_1_148' title='bbox 803 2855 926 2920; x_wconf 91' lang='lat' dir='ltr'><strong>incultos</strong></span> <span class='ocrx_word' id='word_1_149' title='bbox 943 2857 1137 2940; x_wconf 80' lang='lat' dir='ltr'><strong>pervestigans</strong></span> <span class='ocrx_word' id='word_1_150' title='bbox 1150 2857 1286 2920; x_wconf 88' lang='lat' dir='ltr'><strong>rimarem</strong></span> <span class='ocrx_word' id='word_1_151' title='bbox 1300 2856 1393 2919; x_wconf 92' lang='lat' dir='ltr'><strong>sinus.</strong></span> 
     </span>
     <span class='ocr_line' id='line_1_23' title="bbox 549 3012 1360 3104; baseline 0.004 -24"><span class='ocrx_word' id='word_1_152' title='bbox 549 3034 580 3081; x_wconf 90' lang='lat' dir='ltr'><strong>v.</strong></span> <span class='ocrx_word' id='word_1_153' title='bbox 598 3017 675 3096; x_wconf 75' lang='lat'><strong>203,</strong></span> <span class='ocrx_word' id='word_1_154' title='bbox 693 3033 726 3102; x_wconf 92' lang='lat' dir='ltr'><strong>p.</strong></span> <span class='ocrx_word' id='word_1_155' title='bbox 743 3018 821 3097; x_wconf 88' lang='grc'><strong>101,</strong></span> <span class='ocrx_word' id='word_1_156' title='bbox 839 3012 879 3084; x_wconf 92' lang='grc'><strong>0.</strong></span> <span class='ocrx_word' id='word_1_157' title='bbox 899 3016 1012 3100; x_wconf 72' lang='lat' dir='ltr'><strong>Riob,</strong></span> <span class='ocrx_word' id='word_1_158' title='bbox 1030 3035 1083 3104; x_wconf 91' lang='lat' dir='ltr'><strong>ap.</strong></span> <span class='ocrx_word' id='word_1_159' title='bbox 1100 3017 1201 3098; x_wconf 84' lang='lat' dir='ltr'><strong>Non,</strong></span> <span class='ocrx_word' id='word_1_160' title='bbox 1220 3019 1297 3099; x_wconf 79' lang='lat'><strong>382,</strong></span> <span class='ocrx_word' id='word_1_161' title='bbox 1314 3021 1334 3083; x_wconf 88' lang='grc'>8</span> <span class='ocrx_word' id='word_1_162' title='bbox 1352 3037 1360 3083; x_wconf 91' lang='lat'>:</span> 
     </span>
     <span class='ocr_line' id='line_1_24' title="bbox 709 3183 1362 3266; baseline -0.002 -21"><span class='ocrx_word' id='word_1_163' title='bbox 709 3183 767 3246; x_wconf 78' lang='lat' dir='ltr'><strong>Aut</strong></span> <span class='ocrx_word' id='word_1_164' title='bbox 781 3190 946 3266; x_wconf 89' lang='lat' dir='ltr'><strong>stagnorum</strong></span> <span class='ocrx_word' id='word_1_165' title='bbox 962 3183 1125 3247; x_wconf 88' lang='lat' dir='ltr'><strong>umidarum</strong></span> <span class='ocrx_word' id='word_1_166' title='bbox 1140 3185 1275 3246; x_wconf 86' lang='lat' dir='ltr'><strong>rimarem</strong></span> <span class='ocrx_word' id='word_1_167' title='bbox 1289 3183 1362 3247; x_wconf 87' lang='lat' dir='ltr'><strong>loeo.</strong></span> 
     </span>
    </p>
   </div>
   <div class='ocr_carea' id='block_1_6' title="bbox 547 3343 1652 3541">
    <p class='ocr_par' dir='ltr' id='par_1_7' title="bbox 547 3343 1652 3541">
     <span class='ocr_line' id='line_1_25' title="bbox 593 3343 1652 3432; baseline -0.002 -22"><span class='ocrx_word' id='word_1_168' title='bbox 593 3343 689 3410; x_wconf 81' lang='lat' dir='ltr'><strong>Adde</strong></span> <span class='ocrx_word' id='word_1_169' title='bbox 713 3344 830 3412; x_wconf 90' lang='lat' dir='ltr'><strong>incerti</strong></span> <span class='ocrx_word' id='word_1_170' title='bbox 854 3345 970 3432; x_wconf 84' lang='lat' dir='ltr'><strong>tragici</strong></span> <span class='ocrx_word' id='word_1_171' title='bbox 994 3350 1110 3432; x_wconf 89' lang='lat' dir='ltr'><strong>poetae</strong></span> <span class='ocrx_word' id='word_1_172' title='bbox 1135 3345 1226 3412; x_wconf 94' lang='lat' dir='ltr'><strong>hunc</strong></span> <span class='ocrx_word' id='word_1_173' title='bbox 1249 3363 1396 3427; x_wconf 85' lang='lat' dir='ltr'><strong>uersum,</strong></span> <span class='ocrx_word' id='word_1_174' title='bbox 1423 3363 1521 3431; x_wconf 90' lang='lat' dir='ltr'><strong>quem</strong></span> <span class='ocrx_word' id='word_1_175' title='bbox 1546 3344 1652 3412; x_wconf 88' lang='lat' dir='ltr'><strong>codex</strong></span> 
     </span>
     <span class='ocr_line' id='line_1_26' title="bbox 547 3447 1500 3541; baseline 0.002 -25"><span class='ocrx_word' id='word_1_176' title='bbox 547 3447 639 3519; x_wconf 88' lang='lat' dir='ltr'><strong>Festi</strong></span> <span class='ocrx_word' id='word_1_177' title='bbox 657 3456 693 3518; x_wconf 94' lang='lat' dir='ltr'><strong>ut</strong></span> <span class='ocrx_word' id='word_1_178' title='bbox 707 3453 857 3538; x_wconf 90' lang='lat' dir='ltr'><strong>sequitur</strong></span> <span class='ocrx_word' id='word_1_179' title='bbox 873 3451 1004 3519; x_wconf 84' lang='lat' dir='ltr'><strong>exhibet</strong></span> <span class='ocrx_word' id='word_1_180' title='bbox 1019 3449 1072 3541; x_wconf 87' lang='grc' dir='ltr'><strong>(Ο.</strong></span> <span class='ocrx_word' id='word_1_181' title='bbox 1090 3451 1202 3533; x_wconf 88' lang='lat' dir='ltr'><strong>Ribb.,</strong></span> <span class='ocrx_word' id='word_1_182' title='bbox 1219 3470 1252 3517; x_wconf 87' lang='lat' dir='ltr'><strong>v.</strong></span> <span class='ocrx_word' id='word_1_183' title='bbox 1270 3453 1325 3533; x_wconf 88' lang='lat'><strong>83,</strong></span> <span class='ocrx_word' id='word_1_184' title='bbox 1347 3471 1378 3538; x_wconf 95' lang='lat' dir='ltr'><strong>p.</strong></span> <span class='ocrx_word' id='word_1_185' title='bbox 1396 3451 1472 3539; x_wconf 76' lang='grc'><strong>216)</strong></span> <span class='ocrx_word' id='word_1_186' title='bbox 1492 3470 1500 3518; x_wconf 89' lang='lat'>:</span> 
     </span>
    </p>
   </div>
   <div class='ocr_carea' id='block_1_7' title="bbox 668 3595 1455 3700">
    <p class='ocr_par' dir='ltr' id='par_1_8' title="bbox 668 3595 1455 3700">
     <span class='ocr_line' id='line_1_27' title="bbox 668 3595 1455 3700; baseline 0 -22"><span class='ocrx_word' id='word_1_187' title='bbox 668 3615 706 3678; x_wconf 88' lang='lat' dir='ltr'><strong>Et</strong></span> <span class='ocrx_word' id='word_1_188' title='bbox 719 3635 771 3698; x_wconf 89' lang='lat' dir='ltr'><strong>ego</strong></span> <span class='ocrx_word' id='word_1_189' title='bbox 787 3595 833 3679; x_wconf 87' lang='lat' dir='ltr'><strong>ibo</strong></span> <span class='ocrx_word' id='word_1_190' title='bbox 848 3623 883 3680; x_wconf 92' lang='lat' dir='ltr'><strong>ut</strong></span> <span class='ocrx_word' id='word_1_191' title='bbox 896 3616 1020 3680; x_wconf 89' lang='lat' dir='ltr'><strong>latebms</strong></span> <span class='ocrx_word' id='word_1_192' title='bbox 1033 3636 1157 3700; x_wconf 82' lang='lat' dir='ltr'><strong>ruspans</strong></span> <span class='ocrx_word' id='word_1_193' title='bbox 1170 3616 1306 3680; x_wconf 82' lang='lat' dir='ltr'><strong>rimarum</strong></span> <span class='ocrx_word' id='word_1_194' title='bbox 1321 3617 1455 3698; x_wconf 85' lang='lat' dir='ltr'><strong>optimas,</strong></span> 
     </span>
    </p>
   </div>
   <div class='ocr_carea' id='block_1_8' title="bbox 547 3801 1651 4154">
    <p class='ocr_par' dir='ltr' id='par_1_9' title="bbox 582 3801 938 3865">
     <span class='ocr_line' id='line_1_28' title="bbox 582 3801 938 3865; baseline 0.014 -16"><span class='ocrx_word' id='word_1_195' title='bbox 582 3805 604 3850; x_wconf 90' lang='grc'><strong>1.</strong></span> <span class='ocrx_word' id='word_1_196' title='bbox 620 3801 697 3852; x_wconf 81' lang='lat' dir='ltr'><strong>ltteiu.</strong></span> <span class='ocrx_word' id='word_1_197' title='bbox 712 3801 823 3865; x_wconf 66' lang='lat' dir='ltr'><strong>Scirist,</strong></span> <span class='ocrx_word' id='word_1_198' title='bbox 837 3805 869 3865; x_wconf 94' lang='lat' dir='ltr'><strong>ll,</strong></span> <span class='ocrx_word' id='word_1_199' title='bbox 885 3805 938 3854; x_wconf 81' lang='grc'><strong>161.</strong></span> 
     </span>
    </p>

    <p class='ocr_par' dir='ltr' id='par_1_10' title="bbox 582 3870 1189 3937">
     <span class='ocr_line' id='line_1_29' title="bbox 582 3870 1189 3937; baseline 0.008 -17"><span class='ocrx_word' id='word_1_200' title='bbox 582 3873 605 3921; x_wconf 79' lang='lat'><strong>2.</strong></span> <span class='ocrx_word' id='word_1_201' title='bbox 623 3870 696 3922; x_wconf 72' lang='lat' dir='ltr'><strong>lister</strong></span> <span class='ocrx_word' id='word_1_202' title='bbox 710 3873 753 3922; x_wconf 82' lang='lat' dir='ltr'><strong>deu</strong></span> <span class='ocrx_word' id='word_1_203' title='bbox 767 3875 842 3924; x_wconf 74' lang='lat' dir='ltr'><strong>Auos.</strong></span> <span class='ocrx_word' id='word_1_204' title='bbox 858 3875 900 3924; x_wconf 80' lang='lat' dir='ltr'><strong>der</strong></span> <span class='ocrx_word' id='word_1_205' title='bbox 913 3873 982 3934; x_wconf 85' lang='lat' dir='ltr'><strong>ltios,</strong></span> <span class='ocrx_word' id='word_1_206' title='bbox 997 3873 1021 3923; x_wconf 90' lang='lat' dir='ltr'><strong>ia</strong></span> <span class='ocrx_word' id='word_1_207' title='bbox 1036 3873 1189 3937; x_wconf 84' lang='lat' dir='ltr'><strong>praelatione.</strong></span> 
     </span>
    </p>

    <p class='ocr_par' dir='ltr' id='par_1_11' title="bbox 547 3943 1651 4154">
     <span class='ocr_line' id='line_1_30' title="bbox 580 3943 1651 4066; baseline 0 -74"><span class='ocrx_word' id='word_1_208' title='bbox 580 3944 602 3992; x_wconf 86' lang='grc'><strong>3.</strong></span> <span class='ocrx_word' id='word_1_209' title='bbox 619 3943 754 4064; x_wconf 47' lang='grc' dir='ltr'><strong>Βκιίκκιεκιει,</strong></span> <span class='ocrx_word' id='word_1_210' title='bbox 769 3945 899 4066; x_wconf 48' lang='grc' dir='ltr'><strong>Ροιξὼίαέ.</strong></span> <span class='ocrx_word' id='word_1_211' title='bbox 913 3945 984 4008; x_wconf 75' lang='lat' dir='ltr'><strong>mim,</strong></span> <span class='ocrx_word' id='word_1_212' title='bbox 1001 3949 1019 3994; x_wconf 92' lang='lat' dir='ltr'><strong>t.</strong></span> <span class='ocrx_word' id='word_1_213' title='bbox 1040 3945 1080 4006; x_wconf 95' lang='lat' dir='ltr'><strong>lll,</strong></span> <span class='ocrx_word' id='word_1_214' title='bbox 1095 3945 1210 4010; x_wconf 74' lang='lat' dir='ltr'><strong>praelat,</strong></span> <span class='ocrx_word' id='word_1_215' title='bbox 1232 3959 1257 4012; x_wconf 93' lang='lat' dir='ltr'><strong>p.</strong></span> <span class='ocrx_word' id='word_1_216' title='bbox 1277 3947 1301 3996; x_wconf 81' lang='grc'><strong>3.</strong></span> <span class='ocrx_word' id='word_1_217' title='bbox 1316 3971 1347 3984; x_wconf 89' lang='lat'>-</span> <span class='ocrx_word' id='word_1_218' title='bbox 1363 3943 1402 3995; x_wconf 81' lang='lat' dir='ltr'><strong>Cl.</strong></span> <span class='ocrx_word' id='word_1_219' title='bbox 1416 3945 1527 3994; x_wconf 76' lang='lat' dir='ltr'><strong>llaonren</strong></span> <span class='ocrx_word' id='word_1_220' title='bbox 1546 3943 1651 3994; x_wconf 79' lang='lat' dir='ltr'><strong>Hauaru</strong></span> 
     </span>
     <span class='ocr_line' id='line_1_31' title="bbox 547 4011 1489 4154; baseline 0.003 -19"><span class='ocrx_word' id='word_1_221' title='bbox 547 4011 802 4135; x_wconf 53' lang='lat' dir='ltr'><strong>opffluiums’ui&#39;r&#39;</strong></span> <span class='ocrx_word' id='word_1_222' title='bbox 813 4053 887 4136; x_wconf 60' lang='lat' dir='ltr'><strong>roeo.</strong></span> <span class='ocrx_word' id='word_1_223' title='bbox 901 4085 979 4148; x_wconf 70' lang='lat' dir='ltr'><strong>ustor,</strong></span> <span class='ocrx_word' id='word_1_224' title='bbox 994 4085 1066 4138; x_wconf 71' lang='lat' dir='ltr'><strong>aaran</strong></span> <span class='ocrx_word' id='word_1_225' title='bbox 1082 4087 1172 4152; x_wconf 73' lang='lat' dir='ltr'><strong>quanta,</strong></span> <span class='ocrx_word' id='word_1_226' title='bbox 1184 4101 1210 4154; x_wconf 79' lang='lat' dir='ltr'><strong>p.</strong></span> <span class='ocrx_word' id='word_1_227' title='bbox 1226 4089 1271 4140; x_wconf 85' lang='lat' dir='ltr'><strong>sao</strong></span> <span class='ocrx_word' id='word_1_228' title='bbox 1286 4089 1309 4152; x_wconf 76' lang='lat' dir='ltr'><strong>(s</strong></span> <span class='ocrx_word' id='word_1_229' title='bbox 1323 4087 1362 4150; x_wconf 73' lang='lat' dir='ltr'><strong>aa,</strong></span> <span class='ocrx_word' id='word_1_230' title='bbox 1380 4099 1405 4138; x_wconf 77' lang='lat' dir='ltr'><strong>a.</strong></span> <span class='ocrx_word' id='word_1_231' title='bbox 1420 4086 1489 4151; x_wconf 74' lang='lat' dir='ltr'><strong>aaa).</strong></span> 
     </span>
    </p>
   </div>
   <div class='ocr_carea' id='block_1_9' title="bbox 0 0 1948 5158">
    <p class='ocr_par' dir='ltr' id='par_1_12' title="bbox 0 0 1948 5158">
     <span class='ocr_line' id='line_1_32' title="bbox 0 0 1948 5158; baseline 0 2"><span class='ocrx_word' id='word_1_232' title='bbox 0 0 1948 5158; x_wconf 95' lang='lat' dir='ltr'><strong> </strong></span> 
     </span>
    </p>
   </div>
  </div>
 </body>
</html>
