3886 5158
1017 1215 1171 1292 CAPUT
1198 1217 1230 1290 ll

797 1549 866 1612 Quo
891 1549 1045 1602 TEMPORE
1071 1551 1244 1602 demonium
1270 1551 1461 1602 scuiesemr

623 1833 717 1915 erod
738 1835 767 1900 si
790 1836 831 1902 de
849 1843 996 1922 tempore
1011 1855 1101 1903 nunc
1115 1837 1331 1923 aequiramus
1347 1853 1413 1922 quo
1430 1835 1568 1902 Iliadem
1586 1853 1681 1902 suam

576 1945 690 2007 noster
722 1941 921 2022 coniecerit,
944 1941 1013 2025 jam
1042 1941 1186 2027 primum
1220 1941 1358 2007 minime
1392 1941 1601 2026 probandum
1631 1945 1682 2006 est

577 2045 664 2132 quod
690 2063 708 2111 e
734 2046 909 2113 versiculis
935 2047 1133 2131 quibusdam
1159 2046 1266 2113 codici
1289 2045 1495 2114 Santoniano
1521 2045 1682 2130 subjectis

577 2167 692 2217 eruere
708 2149 879 2217 contendit
894 2150 1060 2217 Henricus
1077 2149 1255 2240 Weytingh
1271 2160 1294 2218 ¹.
1312 2151 1356 2218 Hi
1372 2169 1490 2219 versus
1506 2155 1584 2218 sunt
1601 2172 1609 2218 :

676 2338 819 2402 Pindarus
835 2339 913 2402 hunc
924 2359 1021 2402 secum
1037 2347 1114 2402 trans
1130 2347 1248 2420 pontum
1266 2339 1348 2402 uexit
1362 2339 1538 2412 Homerum

676 2425 735 2491 Sed
749 2435 952 2510 argumentum
968 2426 1047 2491 dedit
1061 2447 1123 2492 esse
1137 2435 1220 2510 poeta
1233 2427 1368 2490 latinum.

622 2609 715 2691 Quae
741 2611 828 2678 mole
855 2611 955 2678 latina
982 2631 1022 2680 ac
1049 2630 1127 2679 vere
1151 2609 1370 2678 claudicantia
1399 2627 1476 2677 cum
1499 2606 1681 2694 Weytingh

577 2716 759 2782 notavisset
781 2717 965 2803 iisdemque
994 2717 1223 2784 auctoritatem
1248 2723 1281 2784 et
1309 2715 1585 2802 significationem
1614 2731 1683 2780 ma-

572 2821 680 2906 j0rem
695 2839 802 2906 aequo
823 2821 1005 2904 tribuisset,
1024 2821 1162 2907 Josephi
1183 2821 1306 2903 Iscani,
1326 2821 1480 2888 monachi
1499 2819 1599 2906 Angli
1625 2819 1681 2904 qui

577 2927 711 2995 saeculo
722 2926 899 2995 undecimo
915 2928 966 2994 vel
980 2928 1176 2996 duodecimo
1191 2927 1340 2994 Exoniae
1356 2925 1496 2994 liorebat
1511 2923 1681 3010 librosque

526 3075 530 3083 -
576 3031 617 3100 de
636 3031 722 3100 bello
741 3031 885 3118 Trojano
902 3052 958 3100 sex
977 3038 1220 3120 composuerat,
1238 3041 1404 3116 nostrum,
1421 3031 1606 3098 Pindarum
1622 3047 1682 3096 no·

576 3137 678 3221 mine,
704 3163 720 3198 r
747 3137 774 3204 si
795 3157 861 3206 non
882 3139 1053 3225 aequalem
1074 3143 1108 3207 at
1129 3141 1285 3227 gentilem
1311 3139 1415 3205 luisse
1435 3163 1451 3198 u
1472 3137 1524 3202 uir
1548 3135 1694 3215 doctus„

576 3242 663 3310 haud
679 3243 791 3312 hercle
808 3245 1193 3332 divinitus,excogitavit.
1205 3243 1328 3314 Contra
1341 3243 1527 3310 Pindarum
1543 3259 1680 3323 nomen,

576 3349 670 3432 cuius
700 3349 740 3418 de
767 3351 893 3437 origine
921 3350 996 3418 ride
1024 3351 1108 3418 inlra
1139 3371 1171 3438 p.
1197 3372 1243 3434 ru,
1261 3368 1290 3418 c.
1322 3353 1355 3432 2,
1383 3348 1517 3436 quando
1545 3347 1681 3434 quidem

577 3457 727 3522 nostrum
742 3456 976 3542 appellandum
990 3475 1064 3524 esse
1077 3455 1230 3524 Italicum
1246 3463 1339 3523 extra
1354 3473 1488 3523 ornnem
1504 3451 1682 3520 dubitatio·

576 3557 626 3624 uis
643 3559 748 3626 aleam
765 3561 949 3648 posuimus,
960 3561 1020 3628 niti
1037 3579 1321 3650 supervacaneum
1337 3563 1389 3628 est
1400 3581 1408 3626 :
1421 3557 1628 3627 liceatnobis
1639 3557 1680 3624 de

575 3667 682 3731 aetate
698 3665 750 3732 cui
765 3665 945 3754 Weylingh
960 3685 1095 3734 carmen
1112 3667 1294 3754 assignavit
1308 3685 1415 3753 pauca
1431 3664 1609 3731 disserere.

607 3855 630 3902 l.
649 3853 746 3902 lucrari
763 3867 876 3904 icmarus
900 3854 985 3917 (ronco
1007 3857 1108 3905 Purnrm
1130 3855 1248 3918 Tuscum)
1271 3866 1376 3904 nrrrous
1397 3853 1486 3902 turnis
1506 3857 1682 3906 nousmcrs‚e

576 3921 712 3973 recensione
735 3927 758 3974 et
779 3937 832 3975 cum
855 3926 918 3976 notis
937 3925 1054 3976 Theodori
1077 3939 1122 3975 van
1147 3927 1246 3984 llooten,
1266 3925 1349 3984 edidit,
1370 3921 1491 3986 praelatus
1515 3923 1553 3970 est
1575 3929 1681 3979 suasque

575 3992 792 4044 animadversiones
805 3995 890 4058 adjecit
902 3995 1015 4048 ilenricas
1028 3995 1163 4062 everlinga.
1177 3993 1286 4059 Lugduni
1296 3995 1438 4046 &urorum
1449 3995 1473 4042 et
1483 3987 1680 4047 Austelaedani,

576 4063 651 4126 {8093
666 4063 690 4114 in
706 4065 952 4131 praelationem.
