3896 5158
1175 1379 1219 1465 X

633 1709 779 1780 Ulterius
795 1709 952 1776 tenebrae
967 1707 1060 1775 tarde
1076 1706 1263 1774 labentibus
1278 1705 1377 1772 astris
1398 1702 1489 1791 [696]

633 1823 857 1908 Restabotque
873 1841 975 1908 super
990 1821 1109 1888 tacitae
1125 1838 1203 1906 pars
1220 1819 1317 1886 tertia
1336 1819 1456 1896 noctis,

632 1933 716 2003 Cum
735 1934 888 2002 Danaum
905 1935 1001 2019 jussu
1022 1933 1141 2000 castris
1155 1931 1422 1999 Aetolius·beros

631 2048 809 2135 Egreditur
823 2048 1017 2134 sociumque
1033 2047 1096 2114 sibi
1111 2047 1233 2133 delegit
1247 2045 1392 2127 Ulixem,

632 2161 697 2243 Qui
712 2181 825 2230 secum
841 2162 962 2229 tacitae
981 2161 1141 2228 sublustri
1155 2161 1264 2228 noctis
1283 2159 1452 2228 inumbra
1673 2163 1739 2228 700

631 2273 805 2343 Scrutatur
820 2275 943 2358 studio,
961 2293 1046 2362 quae
1061 2275 1105 2342 sit
1120 2274 1242 2342 fiducia
1257 2274 1380 2342 Troum

631 2387 758 2469 Quidve
774 2389 899 2474 agitent
912 2393 1094 2475 quantasve
1108 2392 1227 2476 parent
1240 2388 1274 2454 in
1294 2387 1420 2474 proelia
1433 2387 1534 2454 vires.

630 2499 784 2588 Dumque
798 2502 861 2568 iter
875 2501 1077 2568 horrendum
1090 2503 1164 2568 loca
1178 2519 1238 2588 per
1252 2519 1318 2567 uon
1334 2505 1404 2568 tuta
1418 2506 1578 2587 paventes

629 2613 829 2700 Carpebant,
846 2615 938 2682 venit
952 2633 1030 2682 ecce
1042 2614 1164 2694 Dolon,
1181 2633 1280 2700 quem
1295 2613 1393 2682 Troia
1406 2614 1512 2700 pubes

629 2727 778 2810 Miserat,
797 2733 833 2796 ut
846 2727 999 2796 Danaum
1016 2727 1143 2795 sollerti
1157 2734 1292 2814 pectore
1307 2728 1395 2794 vires
1669 2729 1735 2797 705

628 2842 840 2930 Perspiceret
854 2861 1042 2930 sensusque
1056 2843 1179 2911 ducum
1195 2841 1369 2929 plebisque
1388 2842 1541 2910 relemet.

628 3123 771 3180 codices
786 3125 955 3180 -bibxll
966 3125 1024 3180 bib.
1036 3125 1318 3180 lXFVBomis.cet.
1326 3127 1341 3188 ΙΙ
1352 3124 1405 3179 000
1414 3125 1668 3180 alteriusYSBE
1682 3123 1736 3180 m2

698 3202 837 3274 tenebrae]
857 3207 946 3259 uoctls
965 3205 990 3259 E
1008 3205 1059 3258 ma
1074 3203 1085 3266 11
1108 3205 1195 3258 tardis
1214 3203 1402 3258 ELBVYS
1418 3201 1522 3274 (70.0
1543 3203 1597 3258 008
1616 3205 1688 3258 Tum
1708 3205 1737 3258 Y

698 3291 708 3350 ΙΙ
723 3282 790 3338 Cum
802 3286 881 3338 iussu
890 3283 1011 3338 danaum
1021 3283 1051 3339 S.
1062 3282 1076 3344 ΙΙ
1087 3282 1150 3337 009.
1158 3283 1327 3350 Aggreditur
1335 3282 1371 3336 E.
1384 3279 1398 3341 ΙΙ
1410 3283 1464 3336 700
1478 3283 1656 3338 sublustreL
1670 3283 1736 3338 sub·

698 3364 783 3434 lustrp
797 3362 983 3417 Esubluatris
994 3363 1027 3418 B.
1045 3360 1059 3423 ΙΙ
1068 3361 1123 3416 707
1137 3361 1211 3429 Quid
1221 3362 1264 3416 uel
1274 3367 1360 3429 agunt
1378 3362 1406 3415 Y
1418 3361 1429 3424 l
1445 3369 1601 3430 quantusue
1615 3361 1737 3416 babeant

696 3439 722 3494 E
744 3447 918 3508 quantasque
943 3447 1042 3508 parant
1060 3441 1092 3496 S·
1113 3437 1128 3500 ΙΙ
1150 3441 1203 3494 703
1222 3441 1347 3508 Cumque
1364 3441 1424 3495 ΕΙ,
1443 3449 1454 3509 ll
1478 3455 1533 3495 non
1554 3439 1622 3512 tuta]
1642 3447 1735 3496 notata

695 3519 865 3574 Eranam
879 3526 987 3575 noctata
1002 3520 1027 3574 L
1041 3526 1175 3574 nocturna
1196 3519 1283 3574 Em2
1298 3520 1428 3576 Arsa
1443 3529 1507 3576 nota
1522 3522 1550 3574 V
1569 3528 1676 3576 secreta
1691 3521 1730 3576 G.

696 3597 711 3660 ΙΙ
725 3597 778 3652 700
797 3599 913 3654 solerter
931 3600 964 3652 L.
981 3597 1064 3660 11700
1085 3601 1258 3665 Prospiceret
1275 3600 1344 3653 ΜΝ
1353 3601 1381 3653 Α
1400 3599 1580 3665 conspiceret
1600 3601 1629 3656 Y
1651 3603 1735 3667 Aspi-

694 3682 768 3732 oeret
782 3677 805 3730 B
821 3675 858 3748 (et
876 3677 897 3732 S
911 3679 961 3746 qui
978 3675 1051 3733 bunc
1065 3691 1173 3733 uersum
1190 3680 1356 3749 supraponit
1373 3683 1438 3748 post
1454 3677 1535 3750 702).

655 3849 701 3896 000
713 3847 791 3899 altera
802 3847 931 3899 transierat
948 3849 1096 3913 ll'ernulorl.

655 3918 700 3966 007
715 3931 787 3982 saper
804 3919 895 3981 tacitae]
911 3918 991 3969 malim
1005 3921 1159 3984 soporiferae.

654 3990 700 4038 roo
715 3992 779 4040 tutae
793 3989 921 4040 Βοώτεω.

655 4061 701 4109 703
715 4073 761 4111 non
777 4065 826 4112 lata
841 4075 884 4125 eqo
899 4075 946 4113 noa
964 4067 1019 4114 nota
1041 4064 1161 4116 Baehrens
1176 4069 1289 4118 moutam
1307 4065 1557 4118 admodiationem
1579 4065 1742 4130 Wernerlers

626 4135 739 4181 nocturna
754 4131 842 4181 liooteu
859 4133 884 4180 in
898 4135 958 4192 not,
975 4133 1083 4184 llueller.
