3886 5158
998 419 1038 467 nn
1059 419 1164 468 nunu
1185 421 1298 471 narrem

597 537 647 608 Gl.
668 536 765 604 Iliad.
784 533 913 618 XXIV,
934 538 1001 604 639
1019 558 1027 604 :

740 718 809 782 Ἀλλ
815 717 876 782 ἀἰεὶ
891 717 1014 802 στενάχω
1026 719 1073 782 καὶ
1086 719 1167 794 κήδη
1179 720 1259 805 μυρία
1270 720 1373 784 πέσσω.

641 906 733 988 Quae
749 906 933 991 fragmenta
950 905 1023 972 aliis
1040 906 1171 991 quidem
1189 907 1307 993 poclis,
1324 905 1479 992 quoniam
1499 905 1696 992 saepissime

595 1012 720 1080 librarii
737 1011 870 1078 nomina
887 1011 1020 1092 Naeuii,
1036 1011 1148 1094 Nonii,
1165 1013 1291 1092 Ninnii,
1307 1011 1408 1092 Liuii,
1425 1010 1540 1078 Laeuii
1557 1012 1621 1077 alia
1635 1029 1696 1097 pro

595 1118 669 1184 aliis
699 1117 957 1199 substituerunt,
987 1121 1110 1184 temere
1143 1117 1311 1203 assignata
1339 1116 1510 1198 Huschke,
1535 1117 1569 1183 in
1603 1135 1695 1183 com·

595 1230 698 1290 ment.
713 1223 753 1290 de
769 1222 880 1290 Annio
896 1219 1029 1289 Cimbro
1041 1243 1074 1309 p.
1087 1225 1120 1306 9,
1132 1223 1254 1290 Ninnio
1273 1221 1394 1291 Crasso
1407 1223 1482 1308 iure
1504 1221 1692 1288 vindicavit.

594 1330 644 1398 lt'e
671 1330 774 1416 igitur
797 1347 944 1396 errorem
968 1328 1023 1396 liic
1046 1328 1187 1416 recipias
1216 1327 1260 1395 II.
1287 1327 1447 1416 Stephani
1476 1327 1532 1414 qui
1560 1345 1694 1394 versum

594 1437 756 1506 Fecunda
778 1443 946 1524 penetrat
963 1437 1107 1523 penetus
1127 1437 1333 1524 potiturque
1357 1436 1523 1518 tltalomo,
1549 1435 1584 1500 in
1606 1435 1695 1520 lrag-

594 1543 717 1609 mentis
750 1548 922 1637 poctarum
958 1549 1106 1610 veterum
1140 1541 1316 1608 latinorum
1347 1560 1434 1609 anno
1467 1539 1693 1620 conteditis,

594 1667 626 1734 p.
644 1651 722 1730 aad,
740 1648 866 1716 Naevio
886 1648 1076 1734 adscripsit,
1094 1666 1156 1715 nec
1175 1647 1333 1734 Scaligori
1355 1653 1578 1714 commentum
1600 1645 1654 1731 qui
1677 1663 1694 1710 a

594 1752 716 1820 Laenio
745 1753 885 1820 Iliadem
918 1753 1072 1840 Cypriam
1103 1755 1171 1821 rolt
1203 1755 1360 1839 scriptam
1390 1773 1464 1820 csso
1482 1751 1504 1818 ².
1534 1752 1695 1819 Necnon

595 1857 753 1944 deceptus
778 1865 830 1925 est
853 1858 971 1944 lIeyne
996 1859 1063 1944 qui,
1088 1858 1120 1924 in
1147 1877 1286 1925 excursu
1311 1859 1417 1944 primo
1442 1857 1483 1924 ad
1509 1857 1694 1924 secundum

593 1962 753 2029 Aeneidis
776 1963 896 2030 librum
919 1960 966 2050 (p.
989 1965 1053 2028 387
1079 1970 1112 2029 et
1134 1965 1210 2042 391,
1237 1967 1304 2029 not.
1327 1962 1374 2050 ἲ),
1395 1961 1512 2029 Naevii
1539 1960 1693 2048 Cypriam

594 2066 732 2134 Iliadem
757 2067 861 2134 luisse
884 2067 1054 2135 contendit
1072 2066 1096 2134 ².
1123 2067 1249 2135 Eodem
1273 2086 1384 2134 errore
1402 2067 1532 2134 laborat
1551 2066 1695 2134 Werns·

594 2168 707 2238 dorl³.

639 2276 727 2359 Quid
749 2295 827 2345 vero
851 2277 891 2344 de
916 2277 1031 2345 Ninnii
1054 2275 1166 2346 Crassi
1188 2277 1460 2364 interpretatione
1483 2277 1694 2345 sentiendum

596 2381 650 2464 sit,
668 2383 722 2449 rix
744 2387 891 2450 statuere
914 2402 1109 2468 possumus;
1132 2383 1270 2450 materia
1291 2383 1395 2450 deest.
1411 2384 1580 2465 Attamen,
1598 2389 1698 2468 prout

594 2505 612 2553 e
631 2494 699 2553 tam
724 2488 840 2574 paucis
864 2488 1013 2574 reliquiis
1037 2488 1114 2555 licet
1137 2489 1278 2571 coicere,
1296 2508 1314 2554 a
1334 2487 1520 2570 Walthero,
1540 2487 1595 2572 qui
1620 2483 1700 2552 indo

593 2590 707 2659 Ninnii
735 2611 853 2658 uersus
883 2593 925 2658 ad
956 2593 1056 2659 uerba
1082 2592 1260 2660 Homerica
1289 2599 1443 2660 accurate
1472 2592 1697 2659 conformatos

594 2695 696 2762 luisse
723 2697 902 2780 existimat,
933 2697 1086 2784 equidem
1110 2697 1249 2764 multum
1272 2698 1449 2779 dissenti03
1472 2716 1580 2783 neque
1600 2697 1701 2763 aliter

590 2799 754 2885 judicabit
779 2801 835 2888 qui
862 2801 948 2870 haec
975 2801 1115 2870 frustula
1142 2821 1217 2869 eum
1246 2803 1375 2889 graecis
1401 2802 1555 2870 versibus
1579 2801 1697 2869 sedulo

594 2905 781 2972 contulerit.

637 3009 736 3078 Nunc
763 3011 798 3078 in
830 3029 969 3080 censum
998 3017 1148 3080 nostrum
1181 3014 1269 3082 cadit
1298 3013 1344 3082 M.
1374 3013 1501 3082 Tollius
1535 3013 1603 3100 qui,
1634 3014 1695 3080 etsi

594 3115 812 3184 Homericum
846 3135 981 3184 carmen
1019 3139 1199 3206 numquam
1234 3119 1333 3186 latine
1371 3125 1476 3187 totum
1508 3119 1695 3186 reddidisse

592 3221 735 3306 videtur,
760 3227 886 3307 tamen,
913 3243 989 3291 curn
1013 3243 1130 3292 versus
1157 3227 1333 3312 separatim
1364 3225 1405 3293 ab
1428 3226 1568 3312 aliisque
1592 3224 1696 3293 rebus

594 3327 768 3394 distinctos
806 3329 909 3395 latine
949 3331 1169 3414 transtulerit,
1205 3331 1291 3398 inter
1323 3349 1381 3398 eos
1414 3331 1470 3418 qui
1508 3331 1694 3398 Homerum

593 3433 800 3517 interpretati
829 3439 908 3500 sunt
931 3435 1039 3502 locum
1066 3435 1204 3516 obtinet,
1234 3456 1301 3504 non
1324 3437 1411 3504 inter
1434 3442 1549 3525 poetas
1575 3437 1632 3523 qui
1657 3455 1697 3503 ex

594 3555 712 3623 graeco
733 3538 858 3624 aliquid
877 3539 932 3606 alii
953 3539 1113 3608 intextum
1134 3541 1292 3609 materiae
1312 3543 1346 3608 in
1371 3562 1468 3610 usum
1489 3543 1693 3629 peculiarem

594 3643 828 3711 converterint.
852 3641 1008 3713 Ceterum
1037 3644 1175 3714 Homeri
1199 3647 1402 3715 carminibus
1428 3655 1552 3734 quanta
1576 3645 1697 3716 Cicero

625 3887 648 3934 t.
664 3885 702 3935 Cl.
717 3887 860 3948 literanum,
875 3888 974 3942 Poctar.
991 3888 1059 3942 teliu.
1076 3889 1157 3955 reliq„
1173 3905 1197 3956 p.
1213 3892 1253 3954 86,
1267 3892 1307 3944 87.

624 3956 648 4006 2.
664 3957 758 4018 Hermu,
777 3957 877 4024 Verpit„
890 3960 947 4011 edit.
963 3965 1055 4024 quarta,
1070 3961 1159 4012 curarit
1172 3962 1216 4014 Pla.
1231 3964 1342 4026 Wagner.

625 4027 649 4078 3.
665 4029 826 4094 li'nnnsnonr,
841 4031 910 4082 Poet.
927 4030 969 4084 tot.
983 4033 1052 4094 min,
1067 4035 1085 4082 t.
1100 4032 1143 4089 lv.
1156 4045 1212 4097 pars
1225 4035 1250 4094 2,
1264 4046 1289 4098 p.
1305 4035 1359 4085 512.
