3886 5158
232 396 315 439 llxxl'l
636 393 675 440 DE
697 394 803 442 laruae
823 393 937 442 narrat

231 511 367 580 Italicus
383 509 513 577 induxit
530 518 724 596 querentem
747 519 802 580 aul
819 515 1029 598 precantem;
1048 515 1082 578 at
1097 507 1218 590 Ovidii,
1235 529 1332 597 quem
1425 520 1433 534 ·

231 617 351 686 totiens
371 617 521 682 imitatus
537 624 600 698 esl,
618 625 747 703 poterat
762 617 802 684 de
821 623 926 684 matre
939 615 1094 682 Hectoris
1110 617 1248 701 loquens
1266 635 1334 684 me·

229 723 294 790 lius
309 722 449 808 vestigia
466 723 574 809 sequi.
590 723 751 790 llelenam
776 742 850 790 cum
872 722 1006 789 Priamo
1020 721 1222 806 loquentem,
1235 719 1330 788 Iliad.

229 827 294 910 ΙΙΙ,
312 831 374 894 llil
393 848 483 914 squ,
496 829 630 896 omittit.
643 829 757 896 Tlrelis
773 848 838 896 non
854 835 905 896 est
920 847 958 894 ea
974 835 1080 894 mater
1095 845 1179 914 quae
1196 835 1334 916 angatur

229 933 332 1001 silium
348 934 436 1021 angi,
454 935 564 1021 deque
580 935 652 1018 ejus
669 935 735 1001 lato
751 934 974 1021 pertimescat.

273 1040 431 1108 Virorum
447 1041 548 1127 igitur
561 1039 698 1107 Italicus
715 1040 951 1126 grammaticus
968 1057 1062 1104 arma
1077 1039 1208 1117 cecinit,
1221 1057 1330 1106 mores

227 1165 393 1233 nusquam
410 1147 600 1220 illustravit,
619 1165 784 1231 nusquam
800 1145 952 1232 ingenuis
973 1145 1140 1210 coloribus
1160 1145 1330 1230 egregiare

228 1253 412 1320 imitatione
442 1251 603 1337 depinxit.
627 1249 717 1318 Deos
738 1256 849 1318 autem
875 1269 991 1336 parum
1016 1250 1165 1318 intexuit.
1193 1250 1330 1318 Frustra

84 1345 119 1390 '¹‘
227 1377 369 1444 quaeras
399 1356 518 1424 Iovem
551 1363 627 1422 ante
653 1375 756 1442 equos
780 1355 953 1424 Diomedis
978 1355 1102 1422 fulmen
1127 1357 1328 1423 emittentem

171 1449 174 1456 ’
226 1463 282 1551 (cl.
305 1461 402 1530 Iliad.
431 1460 526 1542 VIII,
551 1463 646 1546 133),
668 1461 857 1547 Apollinem
879 1465 909 1528 et
933 1460 1117 1528 Minervam
1138 1481 1237 1548 super
1255 1463 1330 1548 logo

226 1567 412 1634 vulturibus
434 1567 562 1634 siuriles
578 1563 688 1654 (Iliad.
707 1565 785 1650 vll,
804 1567 870 1652 59),
892 1571 925 1634 et
946 1566 1127 1633 certamino
1145 1571 1177 1633 et
1192 1568 1329 1634 concilia

225 1675 375 1741 deorum.
399 1673 498 1760 Apud
527 1673 711 1740 llomerum
738 1693 837 1758 saepe
863 1673 908 1738 dii
936 1673 1125 1740 mortalium
1146 1673 1253 1740 vultus
1277 1673 1330 1740 in-

147 1811 149 1818 ·
225 1780 331 1846 dnunl
354 1800 361 1846 :
386 1781 436 1846 sie
461 1779 625 1862 Minerva,
652 1777 807 1846 Leodoco
835 1779 966 1862 similis,
992 1777 1054 1862 ΙΙΙ,
1076 1781 1137 1860 86;
1156 1778 1328 1865 Neptunus

141 1949 144 1963 ,
225 1883 414 1966 Calclranti,
444 1883 549 1965 XIII,
582 1887 642 1964 Ιιῡς
674 1885 755 1951 uilril
784 1884 893 1952 simile
922 1885 1009 1969 apud
1040 1891 1201 1950 nostrum.
1231 1883 1329 1952 Som-

224 1990 329 2070 nium,
351 1989 439 2074 quod
455 1989 610 2076 luppiter
625 1989 868 2074 Agamemnoni
889 1990 1000 2072 mittit,
1019 1989 1053 2056 in
1068 1989 1172 2057 Iliade
1188 1989 1327 2056 sormam

223 2094 376 2161 Nestoris
408 2095 508 2180 capit,
540 2093 587 2173 II,
622 2097 684 2174 2ος
716 2095 869 2162 Xanthos
895 2114 1002 2180 equus
1035 2095 1155 2162 Achilli
1188 2101 1326 2162 mortem

223 2199 422 2266 vaticinatur
434 2217 516 2266 voce
532 2199 691 2281 humana,
704 2197 800 2280 XIX,
815 2199 1112 2286 la0l13inEpitoma
1127 2199 1167 2266 de
1181 2201 1233 2266 his
1246 2200 1326 2266 nihil

223 2305 342 2391 agitur.

265 2411 365 2478 Nunc
384 2429 464 2478 vero
484 2429 560 2479 eum
580 2411 733 2478 versibus
754 2414 796 2478 37
817 2429 890 2496 sqq.
913 2409 1029 2478 Iliadis
1049 2410 1124 2477 libri
1143 2409 1160 2478 Ι
1180 2411 1327 2478 contera-

223 2535 297 2584 mus
324 2515 501 2602 Epitomae
530 2535 648 2584 versus
681 2519 799 2588 32-a3.
832 2514 976 2601 Chryses
1006 2515 1106 2582 liliam
1139 2516 1326 2602 ademptam

223 2621 479 2689 delamentatur.
501 2621 601 2707 Apud
630 2621 814 2688 Homerum
840 2639 942 2688 senex
963 2622 1117 2707 pietatem
1140 2640 1233 2688 suam
1253 2620 1328 2688 bre-

221 2725 306 2792 viter
321 2729 574 2804 commemorat,
588 2725 755 2810 deumque
767 2726 881 2810 paucis
898 2731 930 2792 el
945 2725 1102 2811 gravibus
1114 2725 1223 2793 verbis
1233 2732 1328 2812 rogat

221 2839 258 2898 ul
274 2829 413 2898 Atridae
434 2831 545 2898 scelus
566 2831 600 2898 in
621 2827 770 2898 Graecos
793 2830 925 2916 expiare
948 2831 1050 2910 velit3
1068 2831 1154 2918 apud
1175 2829 1325 2898 Italicum

221 2936 320 3002 etiam
341 2943 440 3022 atque
457 2936 558 3002 eliam
578 2943 733 3022 precatur
753 2942 788 3002 ut
807 2953 867 3020 pro
889 2935 955 3002 lilia
974 2955 1099 3022 peenas
1118 2936 1197 3003 luat.
1218 2935 1324 3018 Quae,

221 3039 253 3106 di
274 3040 365 3122 boni,
390 3041 547 3126 loquendi
570 3041 783 3127 prolluenlial
808 3039 982 3126 Epitomae
1006 3040 1090 3107 liber
1112 3041 1236 3126 primus
1259 3059 1325 3108 non

221 3145 364 3231 amplius
380 3151 514 3212 eentum
536 3165 654 3212 versus
671 3153 704 3212 cl
722 3163 824 3212 unum
842 3146 1004 3225 continel;
1023 3145 1197 3212 duodecim
1215 3150 1323 3212 autern

220 3255 359 3336 usurpat
373 3250 458 3317 haec
474 3251 646 3318 fastidiosa
664 3251 824 3338 precatio,
842 3269 917 3316 narn
938 3249 1002 3318 loci
1023 3269 1216 3318 communes
1235 3249 1325 3316 Ilnli·

220 3373 295 3422 cum
313 3355 456 3422 maxime
472 3355 650 3423 delectant.

265 3459 358 3542 Quae
379 3479 455 3528 cum
476 3461 521 3526 ita
538 3461 616 3543 sint,
634 3461 847 3548 perlustranti
867 3461 926 3528 tibi
945 3459 1084 3530 Iliadem
1103 3462 1236 3528 latinam
1257 3481 1323 3530 non

219 3565 291 3632 sine
324 3585 427 3632 causa
461 3584 579 3632 vereor
608 3585 650 3632 ne
678 3567 779 3634 dictio
808 3567 940 3653 frigida,
968 3568 1086 3634 vitiosa
1114 3567 1321 3654 compositio,

217 3671 326 3738 debile
350 3669 458 3738 Italici
482 3670 652 3756 ingenium
678 3673 825 3739 taedium
849 3673 989 3752 adterat,
1011 3673 1113 3738 immo
1133 3673 1173 3738 nd
1198 3672 1324 3740 Heme·

217 3793 289 3844 rum
310 3777 504 3862 respicienti
520 3776 620 3843 bilem
636 3784 768 3845 moveat
785 3776 807 3844 ¹.
827 3775 910 3846 Cum
927 3783 975 3846 tot
990 3783 1023 3846 et
1037 3778 1137 3844 tantis
1151 3778 1239 3845 vitiis
1253 3796 1324 3846 car-

247 3942 270 3990 t.
281 3941 332 3991 llisl
346 3939 407 3992 terte
423 3941 447 3990 in
462 3939 582 3991 Munatii
597 3939 679 3992 vallae
693 3941 834 3992 sententiani
849 3941 952 3993 discedis
970 3947 1126 4006 nostramque
1142 3943 1243 4006 vergilio
1257 3947 1323 3994 ante·

216 4011 297 4074 ponis!
315 4011 363 4070 (ΕΙ.
380 4012 506 4072 tvenne..
522 4010 589 4062 Poel.
604 4009 646 4060 lal.
662 4011 730 4070 niu..
747 4016 766 4060 l.
781 4013 818 4070 lll,
834 4025 889 4076 perr
903 4013 927 4075 2,
944 4026 968 4078 p.
984 4015 1050 4077 5ll.)
