3886 5158
212 435 230 478 l.
620 431 660 478 DE
682 431 788 480 lellus
807 431 922 480 LATIM

213 547 404 616 Menelaum
420 548 528 616 lerlur
542 548 661 636 sagitta
675 550 870 618 vulnerasse
885 553 909 630 ¹,
926 565 1003 616 mox
1018 563 1095 614 vero
1110 567 1130 616 a
1143 545 1317 631 Diomede,

213 653 373 740 quoniam
394 653 547 722 Minerva
572 655 738 722 direxerat
760 655 876 734 telum,
902 653 1096 722 interiectus
1114 657 1194 720 est'
1215 653 1319 723 :inde

214 758 435 826 semidoctum
458 760 617 848 aliquem,
639 779 737 848 quern
757 760 799 828 ad
817 758 954 828 modum
972 757 1130 828 Albertus
1146 757 1318 828 Stedensis

215 865 326 934 Troili
335 883 457 934 nomen
472 867 584 934 intulit
598 867 756 934 historiae
772 867 848 934 belli
863 865 995 950 Troiani
1012 861 1159 933 carmine
1175 867 1319 953 elegiaco

214 971 412 1040 stultissime
437 973 622 1056 coniectae,
641 973 687 1040 ila
708 975 800 1041 illurn
819 973 962 1060 poemati
984 977 1098 1040 nostro
1122 972 1210 1060 quod
1230 975 1320 1044 nullo

213 1079 408 1164 insignitum
425 1080 520 1146 titulo
544 1080 739 1162 invenisset,
755 1079 915 1147 Pandori
932 1077 1063 1146 titulum
1078 1079 1212 1148 iecisse.
1228 1079 1319 1148 Talia

214 1187 324 1251 autem
350 1184 530 1252 conicienti
549 1183 780 1252 Wernsdoriio
796 1203 912 1272 parum
929 1185 1016 1252 iavet
1031 1185 1188 1252 carminis
1204 1185 1319 1254 condi-

213 1290 265 1358 cio
284 1309 292 1356 :
310 1309 386 1356 nant
408 1289 597 1356 levissimas
617 1290 649 1354 in
671 1308 710 1356 eo
731 1295 843 1374 partes
863 1289 1039 1358 Pandarus
1060 1291 1212 1358 sustinet.
1232 1289 1318 1374 Quin

213 1395 334 1462 melius
356 1393 482 1482 aliquid
503 1395 575 1481 ipse
599 1393 804 1461 Wernsdorl
821 1395 1029 1481 excogitavit,
1050 1415 1123 1464 curn
1149 1395 1191 1464 de
1210 1415 1320 1483 gram

213 1499 335 1567 matico
354 1499 594 1580 Alexandrino,
617 1499 685 1586 qui,
707 1503 792 1566 teste
816 1497 936 1582 Suida,
960 1499 1173 1568 Ptolemaeus
1197 1519 1319 1588 cogno·

213 1605 304 1672 mine
339 1605 523 1674 Pindarion
556 1605 682 1689 dictus,
710 1606 801 1672 varia
834 1605 875 1672 ad
909 1605 1093 1674 Homerum
1122 1609 1320 1693 pertinentia

215 1713 362 1798 scripsit,
389 1731 538 1780 errorem
567 1711 810 1778 subobscurum
840 1713 996 1800 aliquem,
1024 1711 1065 1780 ab
1092 1713 1226 1782 homine
1253 1733 1321 1782 non

214 1818 349 1886 indocto
380 1819 515 1906 quidem
545 1819 749 1906 proiectum,
774 1819 1012 1905 suspicaretur.
1038 1817 1210 1902 Ceterum,
1232 1820 1321 1889 haud

215 1925 399 2009 permirum
415 1927 458 1992 sit
474 1944 582 2011 neque
598 1925 791 1992 incredibile
806 1925 833 1991 si
845 1925 886 1990 ad
898 1925 1002 1991 solam
1017 1927 1171 1994 monachi
1187 1929 1321 2013 cujusve

216 2028 297 2096 libet
311 2029 437 2097 librarii
452 2032 620 2098 inscitiam
636 2049 757 2098 nonren
779 2029 915 2097 Pindari
934 2031 1014 2098 illud
1035 2033 1078 2098 sit
1096 2033 1320 2102 referendum.

262 2133 346 2202 Cum
363 2142 473 2203 autem
489 2141 604 2203 noster
619 2137 770 2223 apriscis
786 2135 967 2202 editoribus
983 2137 1156 2206 thebanus
1172 2143 1320 2224 vocetur,

216 2241 299 2306 nihil
313 2241 402 2308 aliud
416 2243 481 2308 nisi
497 2261 649 2308 crassum
665 2240 969 2328 perridiculumque
985 2259 1132 2309 errorem
1145 2245 1200 2311 hic
1210 2245 1322 2330 jacere

215 2347 271 2414 vix
292 2365 432 2414 necesse
452 2352 505 2414 est
524 2351 560 2413 ut
577 2347 746 2427 dicamus;
769 2363 885 2412 omnes
904 2345 966 2411 viri
987 2346 1076 2414 docti
1099 2351 1320 2416 consentiunt.

218 2451 371 2534 Quanam
396 2455 526 2521 ratione
551 2452 723 2520 stelenus
745 2452 812 2518 huc
832 2451 1028 2538 obrepserit,
1055 2470 1154 2521 nemo
1176 2456 1322 2542 prolecto

217 2559 395 2626 mirabitur
413 2561 469 2647 qui
490 2558 678 2626 barbariem
696 2557 798 2624 medii
819 2556 907 2643 quod
928 2557 1048 2626 dicitur
1069 2560 1140 2626 aevi
1160 2561 1321 2628 tantulum

218 2670 400 2751 cognoscat
425 2686 433 2732 :
462 2691 479 2728 a
500 2665 619 2751 Neque
641 2663 738 2748 adeo,
759 2665 797 2730 ut
819 2661 1023 2730 Wernsdorl
1043 2664 1101 2745 ait,
1128 2665 1156 2731 si
1185 2667 1323 2732 camnini

217 2772 320 2838 latino
342 2769 494 2854 Pindari,
523 2771 634 2857 graeci
657 2773 787 2856 poetae,
813 2787 935 2836 nomen
956 2769 1148 2857 impositum
1173 2776 1234 2854 cst,
1260 2773 1325 2841 hoc

141 2933 144 2940 .
217 2877 325 2962 magm
348 2878 471 2943 mirum
492 2875 600 2942 videri
622 2873 720 2942 debet
739 2893 838 2960 quam
859 2873 947 2960 quod
967 2873 1163 2962 Hippocrati
1184 2876 1324 2964 epistula

217 2983 321 3050 latina
337 2981 495 3050 attributa
512 2987 563 3050 est
578 2979 619 3047 ad
634 2981 865 3048 Moecenatem
881 2979 1003 3066 scripta
1018 2979 1041 3045 ⁸.
1059 3006 1076 3042 a

264 3087 359 3169 Quae
378 3089 413 3154 in
433 3085 651 3166 Santeniano,
668 3084 831 3152 Vaticano
850 3085 1015 3169 Palatino,
1033 3085 1217 3154 Parisiensi
1232 3087 1323 3155 codi-

218 3193 312 3263 cibus
329 3193 370 3260 de
386 3193 534 3260 Homero
553 3197 645 3258 trans
660 3195 799 3277 pontum
818 3197 913 3259 vecto
932 3191 1131 3272 invenimus,
1152 3193 1207 3279 qni
1226 3212 1323 3262 accu-

217 3303 288 3368 rate
305 3303 337 3366 et
352 3317 429 3366 oum
448 3317 551 3365 sensu
571 3297 669 3382 leget,
687 3296 728 3362 de
747 3315 796 3380 re,
815 3297 944 3384 opinor,
958 3315 1077 3384 perum
1097 3297 1284 3366 laborabit:
1305 3319 1323 3366 e

218 3403 360 3472 Graecia
383 3405 418 3471 in
443 3402 588 3486 Italiam,
605 3402 692 3469 inter
717 3421 799 3488 quas
822 3421 913 3470 marc
937 3403 1016 3470 iacit
1036 3403 1227 3488 discrimen,
1249 3423 1324 3473 car-

217 3513 310 3579 mina
334 3510 475 3578 Homeri
500 3509 599 3576 allata
627 3526 702 3574 esse
729 3507 987 3595 intellegendum
1012 3514 1075 3576 est.
1101 3507 1322 3597 Ineptissimis

220 3618 355 3706 quidem
381 3614 494 3684 verbis
522 3633 594 3683 rem
623 3615 729 3683 lateor
753 3633 968 3702 expressam3
996 3620 1144 3682 ceterum
1171 3635 1214 3684 ne
1240 3618 1324 3687 baec

217 3725 397 3810 quicquam
416 3727 573 3810 putemus
593 3739 669 3788 esse
684 3739 874 3807 nomenque
892 3720 1029 3789 Pindari
1047 3721 1115 3806 jam
1138 3721 1320 3792 deleamus.

248 3929 272 3978 l.
287 3925 349 3977 ltid.
364 3926 404 3988 lv,
418 3924 516 3977 ibide.

248 4000 272 4048 2.
287 3996 350 4049 ldid.
364 3998 393 4058 l,
408 3997 522 4047 los-³10.

247 4069 271 4116 3.
286 4067 324 4117 ct.
340 4069 459 4126 Bonum,
474 4080 497 4116 a.
510 4065 580 4126 len,
592 4077 617 4128 p.
636 4065 690 4124 287,
708 4077 735 4115 n·
748 4067 774 4116 2
