3886 5158
678 1157 833 1232 CAPUT
860 1157 892 1231 II

258 1491 326 1551 Qua
352 1489 509 1558 RATIONE,
538 1489 608 1550 Quo
634 1490 783 1557 lunatio,
812 1491 881 1551 Quo
908 1489 1062 1542 CONSILIO
1089 1489 1225 1540 SCRIPTA
1253 1485 1303 1535 SIT

670 1599 755 1648 ILIAS
781 1599 899 1648 LATINA

274 1881 381 1964 Quem
410 1883 452 1950 ad
477 1883 613 1951 modum
639 1884 673 1950 in
694 1883 834 1970 singulis
858 1883 958 1950 rebus
983 1883 1024 1950 ab
1049 1882 1193 1950 Homero
1223 1887 1336 1948 noster

229 1988 409 2074 plurimum
429 1989 582 2058 recessit.
604 1990 650 2055 ita
676 1989 710 2054 in
735 1989 881 2074 eoquod
902 1990 942 2055 ad
969 1989 1238 2075 compositionem
1264 1987 1336 2053 atti-

230 2097 298 2175 net,
312 2113 431 2179 magna
448 2114 529 2161 usus
547 2101 599 2160 est
619 2095 783 2161 libertate.
800 2094 943 2161 Videtur
956 2095 1012 2161 itIe
1028 2095 1169 2180 primum
1185 2094 1335 2160 dubitan-

230 2203 282 2264 ter
300 2199 342 2265 ad
362 2217 445 2282 opus
463 2199 662 2280 accessisse,
679 2199 827 2264 incertus
852 2203 962 2266 utrum
984 2199 1047 2266 sibi
1069 2199 1147 2266 Itias
1168 2197 1334 2266 reddenda

232 2311 321 2370 esset
340 2304 479 2388 integra,
503 2323 545 2368 au
565 2322 717 2369 summae
737 2308 864 2370 tantum
884 2321 950 2384 ree,
970 2305 1088 2370 ceteris
1111 2305 1207 2390 plane
1227 2304 1333 2389 negle-

232 2409 307 2490 ctis,
329 2407 522 2475 tractandae
547 2412 671 2474 essent.
694 2405 781 2474 Illud
804 2407 938 2492 quidem
967 2409 1069 2494 magis
1094 2407 1254 2494 placebat,
1277 2408 1335 2474 sed

231 2514 294 2581 hoc
316 2514 441 2580 viribus
466 2515 587 2600 aptius.
613 2513 683 2580 Aut
707 2513 795 2579 enim
814 2513 902 2578 vires
929 2531 1029 2598 saepe
1052 2511 1259 2594 deficiebant,
1282 2519 1337 2578 aut

231 2639 298 2686 uon
319 2620 400 2686 satis
421 2619 534 2686 iirmas
557 2617 774 2686 contrahendi
796 2618 886 2704 legas
906 2617 1043 2685 Italicus
1063 2618 1124 2685 sibi
1145 2619 1268 2686 statuit.
1286 2618 1336 2685 Nc

232 2723 375 2805 dubites,
395 2723 481 2790 hanc
496 2723 708 2790 collationem
725 2723 842 2803 oculis,
860 2741 996 2808 quaeso,
1015 2723 1202 2807 perlustra:

291 2911 378 2974 Liber
399 2913 412 2972 I
463 2913 493 2974 in
510 2912 601 2976 Iliade
631 2913 687 2976 ott
704 2913 836 2977 versibus
854 2914 1162 2996 consta13inepitoma
1180 2915 1239 2978 uo

395 2999 420 3060 II
531 3035 571 3045 -
626 2999 685 3063 877
828 3037 867 3047 -

397 3087 434 3146 ΠΙ
532 3121 572 3132 -
627 3086 683 3149 461

395 3173 433 3235 IV
533 3208 574 3220 -
628 3174 688 3238 544

396 3261 422 3324 V
532 3297 572 3308 -
627 3261 686 3324 909

397 3349 436 3410 VI
533 3383 572 3396 —-
627 3349 688 3412 529

397 3435 447 3498 tu
533 3469 573 3481 -
627 3435 687 3499 toa

397 3521 460 3586 VIII
532 3559 572 3569 —
628 3524 688 3587 565

396 3609 437 3672 III
531 3646 572 3656 -
627 3609 687 3674 743

398 3697 425 3758 x
532 3731 573 3744 ·-
628 3697 688 3760 579

396 3783 437 3846 XI
531 3820 569 3830 -
624 3783 684 3848 848

398 3871 454 3935 XII
532 3907 570 3918 -
625 3871 683 3933 474

397 3961 464 4024 XIII
531 3997 571 4007 —
627 3958 685 4024 837
