3896 5158
989 469 1104 530 praeter
1127 468 1210 518 turns
1233 467 1347 516 carran
1683 453 1721 518 lt

614 617 630 650 u
646 589 860 657 Absistamus
874 609 889 647 u
911 587 970 670 ait,
992 613 1006 650 u
1018 605 1095 653 narn
1109 587 1160 654 vis
1175 585 1362 654 communis
1378 586 1509 674 utrique
1526 607 1560 668 u;
1585 587 1676 676 [627]

613 705 655 772 Et
669 704 759 791 prior
770 701 907 787 Ajacem
924 702 1060 787 fulgenti
1079 707 1231 770 munerat
1244 719 1325 768 ense

613 819 719 905 Inque
734 817 855 900 vicem,
873 834 938 904 quo
955 835 992 884 se
1012 817 1153 884 bellator
1168 816 1316 884 cinxerat
1330 816 1427 902 Aiax,

612 933 743 1020 Accipit
763 933 927 1018 insignem
945 931 1036 998 vario
1052 932 1234 1000 caelamine
1250 930 1408 1000 balteum.
1654 937 1720 1002 630

613 1049 694 1116 Post
710 1049 794 1115 haec
811 1047 974 1134 extemplo
989 1045 1142 1114 Danaum
1159 1047 1348 1134 Troumque
1365 1053 1518 1116 catervae

614 1162 812 1245 Discedunt,
835 1161 1030 1248 caelumque
1046 1163 1126 1248 tegit
1141 1179 1205 1228 nox
1221 1165 1291 1228 atra
1312 1162 1470 1230 tenebris.

614 1277 799 1364 Implentur
815 1276 955 1363 dapibus
973 1277 1074 1363 largis
1089 1275 1280 1362 Bacchique
1296 1277 1423 1363 liquore

612 1393 721 1479 Atque
738 1392 824 1459 avidi
841 1391 969 1478 placido
985 1391 1120 1460 tradunt
1135 1411 1195 1459 soa
1209 1411 1347 1478 corpora
1361 1412 1492 1462 somno.

613 1509 754 1578 Postera
774 1529 849 1577 eum
867 1509 1010 1595 primum
1031 1509 1144 1574 stellas
1158 1508 1288 1575 Aurora
1305 1509 1447 1595 iugarat,
1653 1514 1718 1578 635

612 1623 651 1690 Ia
671 1629 801 1691 coetum
821 1643 941 1690 venere
956 1623 1120 1708 Phryges3
1139 1611 1389 1688 turn'maxinuts
1407 1622 1533 1690 Ilector

613 1737 695 1807 Cum
712 1739 812 1806 sociis
828 1757 1016 1804 memorans
1031 1736 1207 1803 hesternae
1225 1735 1342 1802 limera
1358 1737 1470 1804 caedis

613 1851 737 1921 Suadet
752 1859 788 1918 ut
802 1851 934 1918 invictis
950 1851 1079 1916 Helene
1096 1849 1253 1915 reddatur
1267 1849 1405 1916 Achivis

612 1965 809 2051 Praedaque
825 1983 908 2050 quac
925 1964 1026 2030 duros
1042 1961 1183 2030 Menelai
1201 1965 1345 2030 mulceat
1361 1963 1469 2050 ignes.

612 2079 717 2167 quue
733 2081 840 2166 placet
855 2079 997 2146 eunetis.
1015 2078 1099 2146 Tum
1120 2096 1221 2146 saevo
1240 2078 1365 2144 missus
1379 2078 1516 2146 Atridae
1652 2085 1719 2155 ouo

612 2190 753 2261 Pertulit
772 2191 894 2260 Idaeus
909 2191 1032 2260 Troum
1048 2191 1220 2275 mandata,
1236 2210 1346 2280 neque
1361 2193 1416 2260 ille

612 2309 679 2376 Aut
691 2309 838 2376 animum
855 2308 998 2394 praedae
1013 2313 1071 2374 aut
1086 2307 1184 2375 dictis
1200 2309 1435 2376 accommodat
1449 2327 1558 2392 aures,

611 2723 663 2778 667
678 2738 741 2777 nam
756 2721 810 2793 vis]
830 2727 944 2790 sanguis
966 2737 1057 2778 omnes
1073 2729 1083 2792 ‚t
1101 2725 1211 2791 utrique
1225 2729 1267 2777 est
1281 2724 1361 2778 ΜΝ.
1377 2723 1392 2786 ΙΙ
1409 2721 1462 2777 666
1481 2725 1513 2778 Aa
1527 2723 1577 2778 ΑΙ
1592 2725 1623 2778 Et
1636 2727 1720 2778 ceteri

682 2805 693 2866 ΙΙ
706 2801 832 2874 lutgentt]
848 2805 944 2858 talcato
961 2798 1077 2870 (aurato.
1091 2806 1111 2857 ἱ.
1125 2804 1267 2870 daeurato)
1284 2803 1310 2858 E
1324 2804 1457 2859 dmnmto
1470 2805 1608 2858 vuarato
1625 2807 1718 2860 ceteri.

683 2889 697 2951 ΙΙ
713 2884 766 2937 636
785 2886 855 2937 miro
869 2882 904 2936 Ε.
922 2889 936 2951 ΙΙ
956 2882 1006 2936 eat
1030 2886 1082 2938 troc
1102 2882 1125 2936 l·'
1145 2891 1172 2938 et
1190 2883 1212 2937 L
1232 2885 1282 2937 hee
1295 2885 1379 2938 ceteri
1394 2885 1481 2943 lamis.
1497 2884 1523 2938 G
1538 2886 1634 2952 rosum
1650 2898 1667 2938 e
1684 2885 1718 2954 B)

683 2973 693 3033 p
703 2968 812 3031 graium
828 2971 974 3030 troumque
988 2964 1016 3018 lt
1031 2971 1121 3018 troam
1137 2965 1334 3031 gratumques
1349 2971 1439 3017 uoum
1448 2964 1625 3032 danaumque
1636 2967 1720 3018 ceteri

683 3047 694 3108 tl
715 3042 838 3099 035-6‘15
851 3041 949 3096 desumo
966 3044 996 3096 iu
1012 3043 1038 3100 l.
1059 3045 1073 3106 ΙΙ
1088 3040 1141 3097 636
1158 3046 1274 3098 manius
1285 3045 1323 3098 Α.
1336 3043 1413 3106 tout
1425 3051 1536 3098 eternae
1549 3045 1618 3098 titt
1632 3053 1718 3099 euter-

683 3137 735 3176 nae
747 3124 783 3176 R.
792 3121 806 3182 ΙΙ
815 3122 867 3175 638
881 3124 973 3175 Suasit
985 3119 1072 3176 Emi
1081 3125 1091 3186 l
1103 3124 1191 3190 elena,
1204 3125 1301 3176 helena
1314 3137 1416 3177 miuus.
1429 3121 1506 3182 1le
1517 3125 1717 3177 urae-atridt

682 3204 719 3256 n.
731 3205 746 3267 1
756 3202 809 3256 646
822 3209 871 3255 aut
886 3201 967 3256 dictis
982 3202 1140 3256 commodat
1153 3203 1181 3256 n
1194 3202 1314 3256 dietisue
1332 3203 1522 3257 accommodat
1534 3204 1560 3256 Α
1579 3205 1623 3257 uel
1635 3203 1718 3258 dictis

682 3281 873 3337 accommodat
886 3281 925 3336 Y.

643 3534 688 3581 621
703 3547 757 3583 nam
772 3535 809 3584 ris
826 3535 944 3586 Becaren
960 3537 1037 3586 virtus
1051 3536 1153 3587 uuuur
1162 3563 1194 3574 -
1208 3537 1302 3598 utrique
1313 3543 1350 3587 est
1360 3535 1442 3598 eulqc.

642 3605 687 3652 626
700 3605 800 3666 {uiuenti
813 3607 902 3667 conixi
913 3609 935 3663 (ι
947 3608 1032 3658 laicatu
1047 3609 1072 3657 iu
1087 3608 1217 3669 Erlurtuo
1231 3609 1325 3663 codiee.-
1337 3617 1421 3658 aurato
1440 3608 1542 3670 plausu·
1556 3621 1605 3657 esse
1622 3605 1655 3654 ud
1669 3605 1717 3654 lul·

611 3676 675 3737 genti
689 3676 793 3724 additu
807 3680 925 3740 suspicor!
943 3679 1027 3728 laicata
1040 3679 1140 3728 truella
1149 3679 1197 3738 tct.
1209 3677 1279 3728 Orici.
1289 3679 1347 3728 ild.
1359 3679 1380 3738 Ι,
1391 3680 1446 3741 tlt)
1460 3681 1575 3728 desumto
1588 3677 1718 3726 deman

610 3771 640 3781 -
655 3746 798 3808 niueumque
814 3749 879 3810 prior
894 3755 977 3798 aurato
995 3749 1144 3809 ll'emdors,
1160 3750 1260 3798 docta.

641 3817 684 3864 cor
702 3818 759 3866 Post
774 3819 830 3866 haee
845 3821 953 3868 restituit
970 3819 1089 3869 liuentem
1109 3823 1207 3884 posthae
1221 3821 1294 3882 culpo
1310 3845 1341 3856 -
1355 3820 1463 3868 Damam
1480 3821 1617 3880 utcumque
1630 3817 1718 3880 scripsi

610 3887 694 3935 Troum
709 3888 864 3949 danaumque
877 3890 960 3938 ceteri.

641 3958 687 4004 642
706 3961 750 4006 tut
766 3960 872 4006 animam
892 3959 1000 4020 precibus
1016 3972 1060 4009 uec
1079 3959 1147 4009 dictis
1170 3961 1268 4023 porrigit
1287 3973 1358 4010 aures
1378 3962 1452 4008 edu.
1468 3959 1524 4008 uit.
1549 3958 1668 4020 'precihus
1689 3971 1720 4006 et

611 4027 692 4088 prede,
708 4039 775 4088 prece
790 4031 812 4076 et
828 4030 953 4091 porrigite
968 4029 1085 4080 datm.
1100 4031 1178 4079 wad..
1196 4037 1240 4080 Aut
1257 4043 1362 4079 animum
1378 4038 1491 4093 pram
1503 4031 1572 4078 dum
1592 4035 1634 4078 aut
1649 4041 1717 4078 con·

611 4099 690 4147 modat
705 4111 774 4148 aures
789 4098 880 4150 loeta
892 4101 918 4148 is
931 4101 1005 4160 uotis,
1019 4101 1086 4164 quoe
1097 4115 1143 4151 m
1157 4101 1275 4164 displicet.
