3886 5158
986 1065 1147 1154 PARS
1199 1066 1401 1155 PRIMA

1077 1545 1250 1681 curor
1291 1607 1305 1680 1

933 1860 1001 1922 Quo
1025 1861 1152 1912 uoulue
1177 1859 1305 1913 NOSTER
1329 1861 1447 1912 rurum

685 2059 922 2153 Παραστιχίδας
947 2065 1043 2147 duas,
1072 2083 1110 2131 ex
1139 2064 1280 2152 quibus,
1308 2065 1459 2134 codicum
1493 2063 1634 2131 lectione
1665 2080 1747 2150 pau·

640 2167 742 2234 lulum
766 2167 952 2250 immutata,
974 2169 1119 2238 Italicus
1147 2189 1268 2238 nomen
1294 2175 1327 2238 et
1345 2169 1483 2238 verbum
1505 2169 1649 2258 scripsit
1673 2168 1744 2235 elu-

638 2277 763 2354 cerent‚
786 2273 924 2341 alteram
949 2275 981 2341 in
1002 2275 1158 2343 carminis
1181 2276 1285 2344 nostri
1311 2275 1404 2344 initio
1428 2273 1475 2366 (v.
1497 2275 1581 2362 1-8),
1604 2274 1743 2341 alteram

639 2379 672 2444 in
693 2377 756 2446 ime
777 2377 821 2466 (v.
841 2381 1047 2468 loeo-1070)
1067 2381 1268 2450 Francisous
1288 2381 1474 2450 Buecheler
1498 2381 1655 2466 princeps
1674 2378 1746 2444 ani·

640 2483 825 2552 madvertit.
861 2485 1023 2553 Aemilius
1046 2486 1218 2554 Baehrens
1239 2492 1372 2555 secutus
1398 2493 1448 2554 esl
1474 2485 1542 2571 qui,
1560 2503 1635 2553 cum
1655 2501 1744 2550 anno

639 2590 724 2654 1881
742 2607 876 2657 carmen
892 2591 1016 2674 ederet,
1027 2609 1148 2658 nomen
1161 2589 1436 2672 Italici,veterum
1449 2589 1743 2676 recentiorumque

639 2710 741 2760 ausus
757 2694 911 2763 deserere
927 2697 1078 2782 vestigia,
1096 2695 1205 2764 libello
1221 2697 1401 2764 inscribere
1422 2715 1489 2764 non
1509 2693 1686 2763 dubitavit.

683 2797 770 2880 Quid
795 2799 839 2868 sit
863 2799 904 2868 de
930 2801 1074 2884 nomine,
1095 2801 1146 2868 vir
1173 2802 1289 2870 doctus
1315 2801 1438 2890 optime
1463 2799 1647 2887 iudicavit3
1676 2817 1742 2886 qua

636 2903 764 2972 ratione
791 2901 1019 2996 παραστιχίδα
1041 2907 1158 2974 ambae
1182 2905 1379 2990 efficiantur,
1401 2906 1511 2973 minus
1538 2911 1641 2973 recte.
1670 2901 1742 2973 Sol·

638 3009 715 3077 licet
729 3029 747 3077 a
762 3029 816 3078 me
830 3012 1008 3099 impetrare
1026 3013 1116 3081 nullo
1133 3017 1230 3100 pacto
1245 3013 1336 3098 potui
1351 3018 1399 3094 ut,
1416 3011 1624 3080 Baehreasio
1641 3010 1741 3094 luce,

641 3119 684 3184 Ut
696 3116 857 3203 pm'mom
871 3137 902 3184 v.
923 3121 943 3184 7
958 3119 1155 3206 reciperem,
1173 3119 1338 3206 verbaque
1352 3121 1410 3187 llc
1429 3135 1509 3206 quo,
1527 3135 1628 3204 quae,
1648 3115 1744 3184 libris

638 3239 738 3288 mauu
767 3223 900 3310 scriptis
927 3224 1060 3309 tradita,
1086 3223 1265 3311 incipiente
1293 3243 1391 3291 versu
1417 3224 1579 3310 legimus,
1605 3239 1623 3290 e
1650 3227 1741 3289 textu

637 3325 798 3408 eicerem;
816 3328 916 3395 nimis
933 3334 1095 3417 repugnat
1108 3349 1226 3398 versus
1241 3334 1262 3398 6
1278 3329 1476 3398 Homericae
1491 3327 1607 3396 Iliadis
1626 3348 1635 3395 :

796 3485 824 3556 ἐξ
838 3477 869 3546 οὗ
883 3487 913 3560 δὴ
928 3487 961 3548 τὰ
976 3493 1069 3570 πρῶτα
1083 3489 1225 3563 διαστήτην
1238 3487 1369 3572 eptem:

682 3640 826 3710 Aemili
845 3644 1009 3713 laboranti
1029 3647 1148 3732 etjam
1173 3647 1207 3712 in
1230 3647 1356 3714 incerto
1381 3646 1583 3734 (perperam,
1606 3649 1643 3711 ut
1664 3661 1744 3711 mox

638 3744 776 3834 videbis)
792 3748 926 3818 babenti
941 3749 1138 3819 Italicumne
1153 3751 1258 3834 illum,
1271 3751 1413 3819 tortasse
1428 3751 1475 3817 nil
1489 3750 1554 3817 nisi
1571 3767 1694 3816 nomen
1710 3754 1743 3816 et

640 3852 803 3936 umbram,
829 3858 922 3943 sequi
947 3877 1117 3944 pergerem
1143 3858 1308 3924 anoliam
1333 3857 1420 3924 viam
1445 3857 1641 3939 meditarer,
1664 3874 1744 3923 suc-

638 3959 742 4027 currit
756 3963 986 4030 acutissimum
1001 3963 1121 4030 Haveti
1137 3963 1319 4051 ingenium.
1337 3961 1421 4032 Cum
1441 3963 1531 4030 enim
1552 3980 1688 4030 versum
1707 3963 1741 4044 7,

638 4063 680 4130 ab
704 4061 900 4136 Ermenrico
919 4069 954 4135 in
974 4069 1114 4156 epistula
1133 4069 1175 4136 ad
1196 4067 1402 4137 Grimoldum
1421 4087 1519 4156 quem
1542 4068 1583 4135 ad
1605 4067 1740 4134 modum
