3886 5158
977 427 1091 476 irntici
1113 426 1197 476 iuius
1218 426 1332 475 burlun

602 545 835 632 Dilaoeratque
855 563 970 614 comos
992 563 1184 632 annosaque
1200 549 1333 632 pectora
1350 545 1487 632 plangit.

603 659 680 728 ltlox
695 660 750 728 ubi
763 659 905 748 depositi
920 661 1064 746 gemitus
1075 661 1300 746 lacrimaeque
1312 661 1479 748 quierunt,

602 773 743 843 Fatidici
759 793 872 843 sacras
893 776 1071 862 compellat
1089 775 1226 843 vocibus
1242 793 1340 842 aures
1359 793 1367 841 :

603 915 621 950 a
639 889 725 970 Quid
741 889 884 958 coluisse
899 890 980 956 milri
998 896 1052 956 tua
1073 890 1221 973 numina,
1238 888 1412 976 Delphice,
1435 889 1572 976 prodest

601 1005 670 1072 Aut
683 1010 808 1073 castam
825 1005 947 1072 multos
962 1004 1063 1072 vitam
1079 1005 1213 1072 duxisse
1234 1023 1294 1091 per
1311 1001 1446 1074 annos?

603 1119 732 1201 Quidve
742 1119 837 1204 J'uvai
852 1137 968 1186 sacros
983 1118 1137 1206 posuisse
1151 1119 1311 1186 altaribus
1326 1119 1433 1206 ignes,

601 1233 637 1303 Si
654 1243 731 1302 tuus
746 1239 880 1301 externo
893 1233 962 1318 Jam
979 1251 1118 1320 spernor
1132 1232 1173 1300 ab
1188 1233 1283 1301 hoste
1298 1234 1483 1304 sacerdos?

600 1347 664 1430 En,
681 1349 765 1417 haee
781 1349 934 1416 desertae
950 1348 1135 1417 redduntur
1150 1350 1234 1417 dona
1252 1352 1430 1418 senectae?

602 1461 638 1534 Si
653 1467 766 1550 gratus
781 1463 840 1531 tibi
856 1482 945 1542 sum,
963 1465 1025 1530 sim
1042 1471 1074 1532 ie
1094 1464 1301 1552 subvindice
1322 1469 1423 1532 tutus.

598 1579 667 1646 Aut
686 1579 714 1645 si
730 1597 806 1666 qua,
828 1583 865 1647 ut
879 1579 1006 1646 luerem
1022 1579 1084 1648 sub
1099 1578 1218 1648 acerbo
1233 1581 1372 1648 crimine
1387 1598 1544 1666 poenam,

599 1691 731 1761 inscius
746 1693 878 1774 admisi,
900 1711 960 1760 cur
974 1712 994 1760 o
1010 1699 1066 1760 tua
1081 1692 1215 1760 dextera
1233 1695 1367 1760 cessat?

599 1807 707 1876 Posce
722 1825 835 1875 sacros
850 1825 962 1888 orcus,
980 1808 1083 1874 inme
1103 1811 1158 1874 tua
1180 1806 1291 1892 derige
1307 1807 1369 1874 tela
1388 1827 1397 1874 ε

598 1921 726 1989 Auctor
739 1922 855 1988 mortis
875 1922 940 1990 erit
959 1926 1049 1988 certe
1066 1921 1160 1988 deus.
1178 1920 1267 1988 Ecce
1282 1925 1465 1989 merentem

600 2033 682 2122 Fige
701 2040 830 2122 patrem
845 2055 855 2102 ι
873 2053 934 2102 cur
948 2040 1024 2102 nata
1041 2034 1102 2102 luit
1117 2039 1253 2121 peecata
1268 2036 1415 2121 parentis

598 2149 708 2236 Atque
726 2149 832 2217 hostis
847 2149 922 2217 duri
938 2151 1062 2237 patitur
1076 2149 1266 2218 miseranda
1286 2150 1421 2218 cubile?
1441 2177 1458 2212 o

597 2263 704 2346 Dixii;
721 2269 756 2333 at
771 2265 827 2332 ille
842 2265 894 2332 sui
908 2265 995 2332 vatis
1011 2283 1110 2351 prece
1125 2271 1235 2334 motus
1250 2264 1379 2333 acerbis

597 2377 759 2446 Luctibus
772 2377 908 2447 infestat
921 2377 1056 2446 Danaos
1071 2383 1265 2464 pestemque
1280 2397 1340 2465 per
1355 2397 1471 2448 omnes

597 2491 750 2561 Immittit
763 2493 903 2580 populos
921 2513 929 2560 :
947 2493 1064 2578 vulgus
1080 2492 1147 2560 ruit
1161 2493 1307 2579 undique
1323 2491 1472 2578 Grajum,

595 2763 630 2820 eii
642 2771 751 2833 pectora
765 2764 829 2819 ΕΜ
840 2769 964 2830 tempora
978 2765 1069 2818 ceteri.
1078 2769 1092 2831 ΙΙ
1106 2763 1138 2818 ei
1156 2763 1267 2818 Fotidici
1278 2763 1442 2819 AFaiidiois
1456 2765 1704 2826 urvmiiiiwc

665 2843 798 2898 vatidicis
827 2842 853 2896 E
864 2841 891 2897 G
912 2845 923 2908 ii
947 2843 1087 2910 compellit
1111 2843 1170 2896 ΕΝ
1180 2841 1203 2896 Β
1215 2841 1241 2896 G
1251 2841 1271 2897 S
1281 2841 1310 2897 Y
1330 2845 1459 2910 conpellit
1476 2846 1509 2899 iii
1538 2846 1549 2912 ii
1574 2861 1636 2904 aras
1658 2850 1702 2904 uel

665 2935 747 2978 aures
760 2920 850 2976 Emi.
866 2921 881 2986 ΙΙ
895 2919 931 2974 33
947 2921 978 2974 Ei
991 2921 1019 2989 (c
1028 2935 1110 2990 corn,
1126 2923 1158 2975 ιιι
1171 2919 1335 2976 liaebrensio
1349 2921 1468 2991 oidetm)
1483 2924 1509 2978 Ε
1526 2927 1536 2988 ii
1552 2939 1659 2982 cassam
1675 2928 1703 2984 Τ

665 2999 676 3064 ΙΙ
696 3003 798 3056 multos
818 3003 904 3054 uitam
924 2999 983 3054 ΕΒ
1003 3003 1089 3054 uitam
1109 3001 1210 3054 multos
1229 3001 1313 3054 ceteri
1332 2999 1341 3062 ΙΙ
1363 2999 1408 3068 33,
1422 3001 1458 3056 34
1475 3003 1585 3059 latomo
1605 3004 1703 3062 ordine

665 3079 794 3150 ιιριιιιιιιι·
809 3081 840 3134 ιιι
854 3079 886 3135 S.
903 3083 917 3146 ii
932 3079 969 3132 34
982 3079 1054 3146 Quid
1067 3081 1160 3134 ueniat
1174 3079 1211 3133 Τ.
1225 3079 1284 3146 1133
1296 3081 1340 3134 Sic
1353 3080 1385 3134 ii
1397 3083 1474 3146 iljam
1489 3083 1618 3154 spernor]
1634 3099 1701 3140 con·

664 3164 772 3213 ιειιιιιοι·
789 3157 820 3213 S.
832 3156 847 3219 ΙΙ
860 3155 896 3210 37
912 3158 956 3211 Sic
970 3157 997 3211 iti
1007 3157 1030 3212 C
1045 3157 1092 3212 tibi
1105 3171 1167 3213 sum
1181 3171 1225 3224 gr.
1236 3157 1263 3211 G
1272 3159 1300 3210 iii
1309 3163 1319 3227 i}
1336 3156 1400 3228 sim]
1417 3173 1480 3213 sum
1494 3160 1523 3214 N
1535 3165 1559 3215 si
1574 3163 1606 3216 iii
1622 3167 1664 3219 sic
1679 3165 1703 3220 G

665 3242 677 3306 fl
696 3237 806 3292 uindice
820 3237 845 3292 E
855 3235 917 3291 Fv
932 3236 966 3304 (B
985 3237 1139 3306 suprascr.)
1156 3236 1248 3291 iudice
1263 3238 1355 3292 ceteri.
1370 3237 1385 3300 ΙΙ
1402 3236 1437 3292 38
1451 3239 1485 3293 At
1503 3239 1524 3294 S
1545 3241 1603 3310 (aui
1621 3255 1656 3298 ee
1674 3249 1704 3299 et

663 3329 734 3372 com.
746 3317 804 3384 Elii
822 3317 849 3370 Si
865 3314 920 3384 qui
934 3323 965 3371 ιιι
978 3317 1004 3370 Ε
1014 3317 1108 3370 ΕΠ
1120 3319 1143 3371 sl
1159 3313 1216 3384 quii
1231 3327 1263 3374 ἓ
1272 3327 1305 3375 Ξ
1319 3313 1403 3388 (eros.
1414 3317 1454 3385 ut)
1470 3317 1494 3372 B
1509 3321 1533 3373 si
1549 3333 1619 3388 quas
1634 3319 1700 3392 (mu.

665 3397 706 3463 ιιι)
721 3395 788 3450 ΜΤ
802 3397 826 3450 si
842 3396 910 3463 quid
924 3402 956 3451 ut
967 3397 995 3450 iii
1004 3395 1069 3450 GY
1086 3410 1157 3464 queo
1169 3397 1197 3450 A
1212 3397 1222 3460 li
1237 3409 1340 3462 poenes
1353 3397 1386 3450 ii
1397 3396 1424 3451 G
1434 3397 1461 3451 A
1478 3396 1592 3469 piolenfi
1605 3402 1701 3457 ceteri.

665 3481 679 3545 ΙΙ
690 3475 727 3529 40
740 3475 830 3542 dirige
843 3489 934 3530 omnes
949 3475 1010 3540 1144
1029 3476 1167 3530 dolentem
1182 3476 1219 3530 A.
1234 3473 1248 3535 ll
1263 3472 1299 3529 ie
1318 3477 1383 3543 Fige
1402 3484 1510 3544 patrem
1525 3475 1586 3549 cur]
1607 3480 1702 3538 Pande

663 3557 745 3610 etiam
759 3569 809 3608 cur
823 3555 848 3609 1.
859 3559 873 3622 11
889 3555 925 3610 44
940 3557 1049 3610 Dixerat
1062 3568 1153 3610 omues
1164 3551 1175 3616 ii
1186 3568 1267 3624 prece
1280 3558 1353 3610 uatis
1364 3561 1455 3612 motus
1470 3557 1498 3610 N
1515 3562 1607 3614 motus
1618 3573 1702 3627 prees

664 3635 735 3688 uatis
749 3633 822 3688 BA.

623 3819 654 3871 29
668 3825 773 3890 tempora
787 3827 887 3890 Korion,
897 3827 1005 3878 liueiter.

623 3893 651 3942 34
668 3906 721 3946 aras
739 3896 886 3961 li'crusdors.
899 3899 1009 3962 Aladin,
1019 3899 1149 3950 unusne

624 3961 654 4013 40
668 3963 749 4030 derige
763 3967 890 4020 Bostram.

624 4034 654 4084 44
670 4036 747 4100 Dixin
762 4043 787 4089 ai
800 4039 920 4091 Borbrenr
934 4039 974 4104 (ci.
990 4055 1014 4092 o.
1030 4041 1078 4106 33).
