3886 5158
980 406 1094 456 rraarcr
1116 407 1199 456 rurus
1220 407 1334 455 auarus
1671 393 1715 458 13

603 525 682 595 Dur
698 523 792 611 iubet
808 531 906 612 atque
923 524 1066 606 animos,
1084 525 1189 612 aptari
1205 531 1238 593 et
1257 543 1395 612 corpora
1413 543 1558 612 pugnae.

601 642 742 710 Postera
756 641 812 708 lux
827 641 946 708 tacitas
961 644 997 708 ut
1011 640 1154 728 primum
1170 641 1296 728 depulit
1310 639 1448 708 umbras

600 756 644 824 Et
662 756 802 822 nitidum
818 755 915 822 Titan
931 755 1034 822 radiis
1055 759 1154 842 caput
1168 755 1284 822 extulit
1302 756 1415 836 undis,

600 870 759 938 Protinus
774 871 898 937 armari
914 869 1023 938 socios
1035 871 1129 956 julret
1143 889 1221 940 acer
1233 869 1368 938 Atrides

601 989 644 1057 Et
663 995 774 1076 petere
789 986 911 1056 Iliacos
927 989 1088 1067 instructo
1109 990 1211 1056 milite
1227 1007 1375 1074 campos.
1640 993 1710 1061 160

603 1103 670 1172 Vos
685 1102 766 1170 milri
785 1122 888 1180 nunc,
904 1102 1023 1170 Musae
1043 1103 1132 1188 (quid
1148 1103 1236 1170 enim
1253 1120 1319 1170 non
1334 1103 1450 1171 ordine
1466 1105 1573 1172 nostis
1586 1105 1625 1194 t),

599 1217 742 1285 Nomina
758 1218 847 1284 clara
867 1216 989 1284 ducum
1006 1218 1179 1302 clarosque
1195 1217 1317 1284 relerte
1333 1224 1487 1303 parentes

599 1331 642 1400 Et
656 1333 771 1400 dulces
787 1332 911 1420 patrias
929 1351 937 1398 :
955 1351 1031 1399 nam
1047 1337 1124 1399 sunt
1138 1332 1221 1400 haec
1237 1351 1375 1400 munera
1390 1339 1514 1401 vestra.

598 1447 757 1516 Dicamus
773 1453 853 1532 quot
867 1447 1009 1534 quisque
1028 1453 1116 1514 rates
1131 1447 1356 1532 athcrgama
1372 1447 1476 1530 urrxit,

598 1563 640 1630 Et
655 1567 807 1648 coeptum
823 1581 1022 1648 peragamus
1038 1581 1133 1648 opus,
1151 1563 1259 1648 sitque
1275 1571 1391 1629 auctor
1408 1562 1529 1650 Apollo
1637 1567 1706 1632 166

596 1677 796 1764 Aspiretque
810 1677 919 1744 libens
935 1677 1026 1762 operi
1042 1695 1100 1763 per
1115 1677 1243 1762 singula
1260 1683 1385 1744 nostro.

596 1790 763 1858 Peneleus
780 1791 937 1876 princeps
953 1797 986 1858 et
1000 1791 1086 1857 bello
1101 1789 1216 1857 Leitus
1233 1809 1313 1858 acer

595 1905 787 1972 Arcesilaus
803 1912 898 1973 atrox
916 1905 1190 1989 Prothoenorque
1206 1902 1409 1990 Cloniusque

595 2019 712 2087 Boeoti
728 2020 839 2087 decies
858 2020 978 2106 quinas
993 2037 1091 2104 egere
1111 2018 1241 2086 carinas

595 2133 641 2206 Et
656 2136 799 2206 tumidos
813 2135 924 2201 valido
943 2134 1118 2221 pulsarunt
1136 2133 1260 2219 remige
1277 2133 1409 2201 lluctus.
1635 2137 1704 2203 170

594 2255 678 2324 Inde
693 2249 884 2340 Mycenaeis
903 2248 1133 2334 Agamemnon
1153 2248 1328 2315 moenibus
1345 2257 1449 2330 ortus,

595 2370 702 2454 Quem
718 2366 781 2434 sihi
801 2364 923 2451 delegit
938 2363 1089 2432 bellatrix
1103 2360 1243 2430 Graecia
1263 2381 1389 2449 regem,

594 2485 734 2556 Centum
750 2483 817 2569 egit
831 2481 948 2566 plenas
968 2483 1094 2545 armato
1115 2478 1219 2544 milite
1234 2496 1374 2564 puppes.

591 2599 635 2668 Et
653 2597 704 2665 bis
723 2595 860 2664 tricenis
880 2591 1023 2661 llIenelni
1039 2591 1179 2658 navibus
1195 2591 1296 2658 ardor

591 2713 784 2800 Insequitur
803 2709 1008 2793 totidemque
1027 2706 1119 2773 ferox
1137 2705 1347 2792 Agapenoris
1366 2705 1429 2773 ira.
1632 2709 1700 2778 175
1724 2797 1728 2805 Ι

593 2829 684 2913 Quos
696 2828 790 2914 juxta
805 2823 892 2890 fidrrs
908 2820 1034 2890 sollerti
1051 2825 1184 2908 pectore
1198 2820 1321 2888 Nestor

590 3199 642 3256 116
656 3195 725 3269 ltux]
741 3199 794 3251 Rex
808 3195 872 3250 AY
886 3192 897 3257 ll
914 3199 1024 3261 pectora
1039 3203 1140 3247 omnes.
1157 3196 1171 3259 u
1188 3191 1239 3245 167
1255 3189 1294 3262 ut]
1310 3193 1357 3246 ubi
1372 3193 1401 3247 Y
1421 3192 1432 3255 ΙΙ
1448 3193 1550 3258 repulit
1564 3193 1595 3249 S.
1612 3197 1627 3262 ΙΙ
1645 3193 1700 3250 tce

661 3279 760 3333 mediis
771 3277 792 3331 S
802 3273 813 3337 ll
826 3284 859 3332 ἒ.
868 3271 933 3329 tulit
942 3273 976 3328 L.
987 3278 1000 3342 fl
1012 3271 1065 3326 160
1075 3277 1180 3325 armato
1189 3272 1215 3325 E
1228 3279 1385 3326 constructo
1397 3273 1425 3326 N
1439 3272 1559 3341 (umsum
1570 3274 1648 3329 omis.
1657 3273 1696 3343 Y)

659 3353 670 3418 ll
692 3357 791 3421 lantolt
810 3354 858 3409 111).
880 3353 915 3407 lV
936 3353 967 3406 tn
988 3353 1080 3421 spolio
1098 3365 1184 3404 uacuo
1204 3351 1237 3404 1..
1256 3349 1269 3412 ΙΙ
1286 3350 1337 3404 167
1358 3353 1460 3406 tercius
1479 3351 1609 3407 EFNB
1624 3354 1698 3408 laer·

660 3440 715 3490 tius
737 3437 759 3489 1.
779 3435 812 3488 11
831 3435 928 3488 tertius
948 3433 974 3487 G
998 3434 1039 3486 ler
1055 3440 1087 3488 Ξ
1105 3434 1161 3484 tius
1180 3431 1231 3500 (ler
1250 3443 1284 3484 ea:
1300 3431 1384 3504 eum.)
1404 3431 1441 3485 V.
1464 3429 1478 3493 ΙΙ
1497 3431 1550 3486 lou
1570 3433 1646 3488 Boetl
1665 3445 1698 3493 ξ

661 3517 679 3584 (1
699 3529 733 3569 eo
748 3509 831 3583 corr.)
847 3513 871 3566 1.
885 3513 985 3566 Baetes
1004 3511 1086 3565 ceteri
1100 3509 1110 3574 ΙΙ
1131 3512 1232 3577 quinas
1247 3509 1350 3565 decies.
1364 3512 1388 3566 A
1408 3509 1422 3573 ΙΙ
1438 3511 1491 3566 171
1505 3511 1632 3568 bellatrix
1645 3513 1698 3568 de·

659 3597 726 3662 legit
738 3593 775 3647 n.
792 3590 807 3653 ll
823 3591 874 3646 173
893 3604 1002 3659 puppes
1016 3617 1052 3630 -
1066 3590 1162 3656 plenas
1178 3590 1252 3644 All.

620 3825 664 3876 156
677 3826 730 3876 ltux
746 3825 825 3877 omnis
838 3825 906 3889 jubet
920 3829 992 3887 atque
1006 3824 1080 3888 aptari
1095 3835 1115 3874 c.
1133 3837 1158 3888 p.
1174 3823 1300 3876 Bostram.
1317 3838 1459 3891 -corpora
1476 3825 1547 3889 urat.

621 3897 665 3946 161
681 3901 779 3960 penates
794 3897 851 3946 ertit.
864 3899 922 3956 aet„
937 3895 1035 3946 liootea.

620 3966 665 4016 161
681 3967 761 4018 teitus
776 3966 937 4030 Runicates.
954 3966 1025 4016 ilicet.
1042 3965 1070 4026 11,
1088 3966 1154 4030 111).

620 4038 665 4088 169
679 4036 853 4100 1016111111,
869 4039 915 4090 lile
930 4041 953 4089 et
967 4037 1032 4102 119).
1045 4038 1145 4088 Boeotm
1164 4037 1311 4101 tl'crmdorl.
