3886 5158
248 395 296 438 xv!
652 391 692 439 DE
713 392 817 440 luteos
837 391 951 440 LA'l‘lNA

250 508 359 595 egisse
374 511 553 594 antequam
571 509 772 577 carminibus
788 507 971 596 pangendis
986 525 1121 594 operam
1138 525 1255 573 navam
1268 507 1348 575 dore

245 613 420 699 inciperet,
439 631 548 698 neque
563 613 650 681 inter
669 614 755 696 illos,
773 615 828 700 qui
852 632 889 680 se
908 619 983 680 aute
1005 612 1115 680 omnio
1136 617 1251 699 poetas
1271 630 1346 680 esse

245 737 286 786 ac
299 716 438 802 Vergilii
459 737 525 786 non
547 723 674 786 tantum
698 720 836 787 adorare
851 720 909 785 sed
925 737 1076 805 premere
1092 718 1191 785 etiarn
1207 717 1344 804 vestigia

246 823 498 912 profitebantur,
523 824 611 891 lama
642 825 783 911 positum
808 843 894 892 esse.
922 823 988 892 Sed
1019 842 1117 910 quern
1145 823 1345 891 admodum

247 929 460 997 concedimus
475 931 562 1017 quod
580 931 826 998 concedendum
843 935 905 1013 est,
923 930 966 996 itu
983 930 1078 996 valde
1098 948 1258 1016 negamus
1278 928 1344 996 veri

247 1034 355 1102 simile
384 1054 460 1102 esso
489 1037 647 1102 illumne
676 1035 770 1101 annis
799 1035 931 1122 quidem
956 1035 1172 1120 jnrenitiuus,
1203 1034 1344 1102 tirocinii

246 1159 361 1223 causa,
378 1141 464 1208 ullos
480 1141 685 1226 scriptitasse
699 1141 880 1208 versiculos
898 1159 906 1208 τ
923 1141 1118 1228 praesertim
1136 1159 1212 1207 oum
1227 1141 1343 1208 eodem

246 1253 396 1333 tempore
412 1247 581 1313 neminem
596 1245 831 1326 Romanorum,
853 1247 908 1334 qui
930 1247 1059 1314 laudem
1082 1247 1205 1332 ingenii
1226 1246 1346 1314 doctri·

244 1370 374 1437 noeque
390 1357 572 1437 expeteret,
587 1350 628 1417 ab
644 1350 706 1417 hoc
720 1371 783 1418 usu
797 1352 998 1420 abstinuisse
1014 1353 1142 1420 cunetis
1158 1357 1272 1418 notum
1287 1352 1342 1420 sit.

243 1459 436 1538 Praeterea,
447 1457 476 1522 si
489 1456 672 1542 perspicies
686 1456 763 1542 quid
776 1453 856 1523 Silio
872 1457 960 1525 circe
973 1477 1043 1525 reni
1060 1459 1231 1525 metricam
1245 1463 1343 1544 utque

245 1563 464 1631 elocutionem
495 1561 637 1647 placeat,
663 1581 728 1628 non
750 1561 887 1628 multum
917 1563 958 1629 ab
988 1583 1026 1631 eo
1053 1571 1203 1630 nostrum
1228 1563 1344 1630 abesse

246 1669 411 1754 reperies3
441 1686 549 1753 neque
572 1667 802 1754 discrepanliis
831 1667 1041 1754 quibusdam,
1068 1670 1183 1754 pnuois
1212 1669 1343 1755 quidem

246 1774 440 1854 scleribus,
462 1779 514 1839 sat
532 1773 700 1859 probatur,
718 1775 872 1858 quoniam
892 1775 985 1841 multi
1005 1775 1093 1840 inter
1113 1781 1240 1860 poetas,
1262 1793 1344 1860 quos

245 1897 443 1946 enumerare
473 1879 518 1944 nil
548 1879 676 1962 attinet,
706 1886 889 1965 temporum
917 1880 1122 1961 condicione,
1159 1880 1256 1946 etiam
1286 1898 1346 1966 per

245 1985 345 2052 unius
361 1985 524 2070 poematis
540 1983 655 2064 libros,
677 2003 695 2050 a
711 2003 746 2051 se
770 1985 832 2072 ipsi
847 1985 1001 2052 videntur
1020 1985 1210 2053 dissentire.

289 2088 334 2155 At
352 2107 444 2172 vero,
467 2089 620 2174 quamvis
642 2089 683 2156 de
702 2089 782 2158 Silio
802 2091 856 2159 hic
878 2092 1075 2176 cogitavisse
1099 2091 1187 2158 haud
1210 2091 1344 2158 omnino

243 2195 393 2280 ineptum
403 2195 458 2275 sit,
473 2201 585 2259 tamen
600 2193 680 2258 nihil
692 2213 798 2280 neque
813 2196 846 2261 in
862 2197 1018 2278 carmine,
1032 2215 1141 2283 neque
1155 2197 1299 2264 externis
1310 2197 1343 2262 in

242 2299 343 2366 rebus
366 2299 480 2365 inesse
503 2298 601 2364 video
623 2300 709 2383 quod
734 2299 811 2366 huic
838 2302 1018 2387 suspicioni
1042 2303 1220 2387 quicquam
1244 2303 1345 2370 addat

241 2405 312 2472 veri
328 2403 570 2471 similitudinis.
584 2400 701 2484 Immo,
717 2404 744 2469 si
758 2403 911 2489 Epitoma
924 2403 1038 2472 Iliadis
1053 2407 1087 2472 in
1099 2405 1171 2474 Silii
1187 2407 1344 2492 operibus

242 2509 435 2596 reponenda
466 2509 530 2592 sit,
557 2508 633 2592 jure
661 2507 791 2575 mireris
821 2510 906 2594 quod
941 2511 1066 2577 nullum
1098 2511 1185 2596 apud
1214 2517 1343 2578 veteres

242 2615 383 2698 hujusce
411 2613 459 2680 rei
491 2611 718 2679 testimonium
750 2614 946 2698 reperimus.
975 2613 1164 2701 Deinceps,
1191 2613 1342 2682 Italicum

245 2743 263 2779 «
284 2719 429 2785 nobilem
449 2717 638 2784 Romanum
663 2723 695 2784 et
716 2715 848 2783 beatum
871 2718 1038 2784 hominem
1059 2719 1175 2802 luisse,
1193 2721 1248 2805 qui
1269 2739 1343 2787 car·

242 2841 321 2890 men
341 2823 421 2888 illud
441 2822 543 2889 animi
570 2821 692 2906 otiique
716 2821 901 2888 oblectandi
924 2841 1023 2890 causa
1043 2823 1077 2888 in
1095 2841 1229 2890 secessu
1255 2825 1344 2890 ruris

243 2929 295 2996 sui
312 2927 585 3014 composuerit»,
603 2926 690 3011 quod
709 2922 950 3008 Wernsdorlro,
969 2927 1008 2994 de
1027 2927 1154 2995 Avieno
1172 2929 1339 3014 cogitanti,

240 3031 540 3119 placuit'quodque
560 3037 635 3116 apte
655 3030 688 3096 in
709 3029 825 3097 Silium
847 3048 977 3116 quoque
998 3031 1189 3115 quadraret,
1207 3032 1341 3100 minime

241 3137 395 3224 equidem
420 3154 554 3203 censeo.
583 3135 690 3216 Quam
717 3136 913 3201 sententiam
943 3139 978 3202 ut
1005 3135 1187 3221 amplectar
1215 3141 1339 3204 tantum

241 3242 337 3310 abest
351 3247 387 3308 ut
401 3240 540 3308 Italicus
555 3241 623 3324 ille,
634 3239 688 3326 qui
704 3259 838 3308 carmen
852 3239 1067 3308 Homericum
1084 3243 1256 3323 contraxit,
1273 3243 1340 3310 ludi

242 3348 379 3436 quidem
400 3347 573 3432 magister,
596 3345 736 3412 tortasse
761 3346 895 3412 humilis
917 3352 949 3413 et
972 3365 1111 3432 pauper,
1137 3347 1218 3413 mihi
1239 3349 1342 3415 luisse

203 3477 205 3482 ⁸
242 3455 396 3522 videatur
414 3451 470 3540 (cl.
493 3471 526 3539 p.
552 3471 586 3533 u,
609 3470 638 3517 c.
656 3450 701 3539 2).
719 3449 835 3519 Silium
860 3452 960 3538 igitur
978 3451 1117 3518 missum
1142 3453 1301 3520 iaciamus
1316 3462 1339 3520 ¹.

275 3648 297 3694 l.
315 3645 364 3694 lloc
388 3641 448 3693 libro
464 3642 514 3707 jam
535 3641 586 3693 lere
608 3640 726 3700 absoluto,
743 3641 767 3692 ia
788 3655 853 3693 meas
877 3655 960 3693 manus
981 3641 1047 3693 venit
1071 3640 1213 3705 prolessoris
1233 3641 1343 3692 Dosrrso

242 3714 383 3778 disputatio,
399 3713 548 3776 Argentorati
562 3726 585 3764 a.
602 3712 662 3762 lest
676 3711 748 3771 edila,
764 3712 801 3762 eui
821 3713 903 3762 titulus
917 3717 953 3763 est
970 3711 1042 3762 Ueler
1054 3711 1097 3760 den
1115 3711 1231 3760 llonmrs
1245 3710 1342 3762 latim.

241 3785 383 3836 Punicorum
408 3783 519 3848 scriptori
543 3782 640 3832 iliadem
660 3781 755 3832 latinam
777 3781 954 3833 adscribendam
974 3795 1027 3832 esse
1051 3781 1088 3830 sir
1108 3781 1191 3831 doctus
1214 3781 1342 3844 contendit,

241 3856 316 3905 multa
330 3854 370 3904 ille
384 3854 492 3904 doctrina
507 3857 531 3904 et
550 3853 654 3916 ingenio,
669 3853 811 3915 argumentis
827 3859 904 3903 autem
921 3852 1028 3912 intumis,
1044 3851 1143 3901 etmihi
1159 3850 1261 3912 ridetur,
1276 3865 1342 3902 osas.

239 3927 372 3988 Postquam
394 3925 455 3976 alios
479 3939 507 3976 ac
525 3923 611 3976 Silium
635 3923 726 3974 Italicos
750 3923 870 3974 exstitisse
890 3923 1014 3974 cupressus
1038 3925 1085 3982 est,
1105 3922 1134 3972 ad
1156 3921 1240 3973 Silium
1264 3923 1342 3973 statim

240 3996 348 4046 recurrit.
359 3996 405 4047 Sed
420 4008 492 4058 quem
512 4007 563 4046 rem
584 3993 748 4058 grauissimam
765 3993 850 4054 adlert,
870 3994 905 4044 rei
924 3993 1034 4044 metricae
1052 3997 1076 4043 et
1095 3991 1208 4044 orationis
1226 3993 1341 4056 quandam
