3896 5158
222 353 263 417 os
600 369 715 418 rustici
738 369 821 417 mins
842 369 957 416 norrun

222 487 319 556 Tollit
332 493 426 554 atrox
442 487 572 553 animos
588 488 756 574 vastisque
772 487 927 554 immunis
943 487 976 554 in
991 488 1094 555 ermis

224 599 359 670 Ocurrit
374 607 489 668 contro
504 619 691 688 magnoque
706 603 787 670 hoec
802 603 950 688 increpat
964 621 1021 668 ore
1041 623 1048 667 :

225 742 242 778 a
264 717 341 784 Huc
355 735 416 802 nge
432 735 522 784 nunc
536 723 690 784 converte
705 717 855 803 gradum,
877 717 1056 783 fortissime
1070 716 1217 786 Achilles
1236 740 1244 785 :

223 831 299 899 Jom
316 848 448 910 nosces,
469 830 567 896 uttrix
582 830 660 916 quid
675 831 790 898 Troico
808 833 939 898 dextem
956 831 1062 918 possit

224 944 267 1012 Et
282 952 442 1032 quonium
460 945 495 1010 in
514 945 601 1011 betto
621 945 728 1012 vatent
748 945 948 1012 fortissimus
965 943 1102 1012 Hector.
1262 950 1328 1015 820

223 1059 309 1127 Nom
326 1059 403 1126 licet
418 1059 490 1144 ipsc
506 1059 577 1124 suis
592 1058 724 1126 Mavors
740 1067 771 1126 te
787 1065 936 1146 proteget
951 1059 1065 1139 ermis,

224 1173 331 1242 insito
346 1177 456 1239 tomen
474 1173 557 1240 tinec
572 1173 711 1259 perimet
726 1182 758 1240 te
774 1175 906 1242 dextere
923 1175 1029 1243 Morte
1042 1201 1073 1242 ss.

223 1287 284 1356 liic
300 1287 374 1354 sitet
387 1288 582 1374 spernitque
599 1288 707 1354 minos
723 1289 939 1374 animoseque
955 1291 1056 1374 dicto,

223 1403 269 1474 Ut
284 1422 383 1489 quern
397 1403 557 1470 mentitur
569 1421 668 1469 verus
684 1403 838 1470 credetur
851 1403 1011 1470 Achilles,

222 1517 316 1584 Tunc
332 1517 422 1602 prior
437 1518 604 1604 intorquet
618 1518 765 1584 cottectis
779 1517 904 1582 uiribus
922 1519 1051 1583 trustem
1260 1521 1325 1584 825

222 1631 444 1708 Dardanides,
464 1633 589 1718 lapsam
606 1633 705 1700 ceteri
722 1652 819 1720 quom
837 1633 958 1718 decipit
978 1640 1050 1698 estu

221 1747 398 1815 Patroclus
413 1747 586 1834 redditque
606 1749 696 1816 vices
711 1755 744 1816 ct
757 1753 871 1814 mutuo
886 1748 973 1814 dono
988 1769 995 1828 ;

223 1861 333 1929 Obicit
349 1868 381 1928 ct
397 1881 513 1929 sexum
534 1881 653 1949 magno
669 1883 743 1930 cum
765 1863 882 1931 roboro
899 1863 1036 1930 missum
1058 1862 1135 1950 [827
1151 1861 1214 1948 tis]

221 1975 316 2058 Quod
329 1977 436 2062 ctipco
452 1995 628 2044 excussum
646 1978 739 2044 viridi
756 1978 871 2045 tetture
886 1978 1021 2045 resedit.

220 2090 315 2158 Tunc
329 2090 454 2176 rigidos
468 2091 633 2176 stringunt
648 2109 745 2157 enses
764 2099 793 2158 et
811 2093 961 2158 cominus
977 2112 1068 2158 ormo

221 2201 314 2271 Inter
328 2223 364 2270 se
380 2204 536 2286 miscent,
553 2203 659 2271 donec
673 2204 834 2289 Trojonus
850 2205 969 2291 Apotlo
1259 2209 1325 2272 830

219 2607 271 2662 817
292 2608 436 2663 Concurrit
454 2609 474 2664 S
495 2611 504 2673 it
528 2607 606 2679 tinec]
627 2612 700 2663 hunc
722 2610 818 2664 BGV
845 2613 894 2663 tice
919 2609 1002 2662 uerbo
1026 2609 1058 2661 L.
1081 2613 1094 2674 ti
1114 2605 1167 2660 818
1191 2609 1251 2662 ttuc
1273 2622 1323 2674 nge

293 2691 347 2742 truc
368 2703 459 2741 omnes
478 2688 667 2757 (pi·tteterAi)
685 2693 698 2754 tt
718 2689 770 2742 ero
792 2690 859 2757 quid
878 2717 913 2728 -
934 2689 1043 2742 dextero
1065 2688 1095 2740 in
1114 2687 1208 2740 resi]
1224 2688 1234 2749 tt
1256 2691 1325 2742 trote

290 2768 314 2821 L
330 2771 415 2820 troiae
430 2767 454 2820 E
471 2771 480 2831 t
497 2771 585 2834 poscit
600 2769 623 2821 Ι,
634 2769 669 2821 N.
681 2767 695 2828 tt
712 2767 765 2820 820
779 2771 805 2821 in
822 2769 899 2822 ornis.
910 2768 938 2820 A
951 2769 960 2829 tt
978 2764 1076 2835 voterit]
1092 2769 1181 2832 possit
1195 2765 1254 2821 BG
1265 2765 1325 2820 FV

291 2845 328 2916 (et
342 2847 362 2900 S
377 2846 407 2899 in
422 2861 475 2915 quo
492 2849 579 2910 possit
594 2845 685 2917 betto).
703 2846 777 2916 '1821
796 2849 851 2900 tom
869 2846 959 2900 Fvs
973 2845 982 2907 tt
1000 2847 1045 2899 itte
1058 2845 1094 2898 Ε.
1112 2844 1126 2906 ΙΙ
1141 2844 1194 2898 822
1208 2847 1325 2911 perimet

292 2927 358 2979 tinec
374 2932 463 2978 tomen
481 2925 517 2978 G.
530 2923 544 2986 ΙΙ
559 2924 611 2979 eei
625 2930 712 2993 etque
729 2925 895 2979 mentiturL
911 2927 958 2978 Vct
975 2927 1038 2992 quic
1054 2926 1187 2978 mentitus
1204 2925 1226 2976 t.
1243 2922 1257 2984 ΙΙ
1272 2923 1324 2977 825

292 3005 362 3058 Tum
378 3007 391 3058 i
406 3013 416 3075 q
433 3008 512 3072 prius
528 3005 553 3060 G
571 3010 690 3073 primum
709 3007 744 3058 V.
762 3005 776 3066 ΙΙ
792 3005 843 3059 896
857 3019 938 3073 quem
957 3006 1210 3072 protepsumceteri
1226 3007 1325 3070 excipit

294 3087 350 3139 ictu
360 3099 453 3138 omnes
463 3084 630 3154 (pertopsem
641 3083 675 3156 l).
686 3083 700 3146 ΙΙ
711 3085 761 3138 8⁴27
776 3083 817 3138 tis
831 3087 933 3150 ingenti
950 3099 1012 3139 eum
1029 3083 1150 3150 pondere
1166 3086 1282 3137 missum
1292 3083 1323 3137 Μ

291 3177 354 3218 cuin
372 3167 475 3231 ingenit
491 3177 522 3222 ξ
538 3165 658 3229 pondere
670 3179 801 3230 magnum
817 3165 962 3232 Emtmp.
979 3165 1065 3218 mutto
1080 3177 1142 3217 cum
1160 3177 1188 3228 p.
1205 3165 1323 3216 missum

290 3243 319 3296 Α
334 3258 389 3310 mp.
406 3244 429 3296 L
448 3257 503 3310 usq.
521 3245 594 3311 (onte
613 3241 684 3298 tuus
702 3259 727 3298 o.
745 3243 847 3311 tepitus·
865 3245 894 3296 in
912 3243 936 3296 1.
951 3247 960 3296 :
975 3242 1088 3296 Viribus
1108 3243 1219 3296 extortis
1239 3242 1322 3294 tetum
1423 3261 1426 3269 Δ

291 3326 425 3376 contorsit
440 3324 466 3374 tn
486 3324 608 3387 tiostcni;
623 3326 647 3375 et
658 3337 713 3391 pro
732 3337 761 3375 eo
782 3320 924 3389 tepebotur
941 3323 971 3375 in
990 3321 1018 3375 Α
1034 3325 1043 3376 :
1059 3321 1174 3374 Viribus
1193 3327 1221 3374 et
1239 3321 1322 3374 tetum

291 3403 355 3454 totis
371 3403 505 3454 contorsit
521 3404 547 3454 in
562 3402 691 3471 hostem).
701 3399 714 3462 tt
726 3401 779 3454 eeu
793 3401 880 3468 Quem
895 3429 929 3440 -
944 3415 1087 3456 excussum
1103 3401 1137 3454 B.
1151 3399 1164 3461 tt
1180 3398 1232 3454 829
1247 3413 1322 3454 orme

290 3479 315 3532 Ε
328 3482 413 3534 ermis
428 3481 522 3548 ceteri,
537 3477 641 3536 Emfl.

248 3720 294 3768 iis
309 3719 401 3769 Actiitte
412 3717 510 3768 Sueten.

247 3792 292 3840 oio
306 3791 375 3840 Trois
390 3788 605 3850 iiootsn,ttuelter.

248 3860 293 3909 826
309 3860 400 3922 tapsum
415 3860 487 3910 ceteri
503 3873 572 3923 quarn
586 3861 672 3924 decipit
688 3865 740 3911 astu
756 3862 843 3924 scripsi
858 3873 929 3924 quam
946 3858 1080 3924 prolapsam
1097 3859 1160 3908 ceter
1173 3855 1260 3920 excipit
1274 3855 1322 3906 ictu

215 3931 316 3980 ,tinetter
331 3931 403 3994 (ceter
418 3945 447 3980 ee
461 3931 576 3981 Froetrts'i
588 3933 695 3994 correct.)
711 3932 786 3983 cetere
799 3932 886 3996 excipit
899 3935 951 3982 ectu
963 3931 1091 3980 Baehrens.

247 4001 335 4051 seriis
352 4003 469 4064 ejecerunt
483 4001 590 4059 iicclter,
610 4003 733 4052 Borissos.
