3886 5158
985 1209 1141 1284 CAPUT
1167 1207 1219 1281 ΙΙΙ

899 1543 968 1594 uun
996 1543 1102 1594 surus
1128 1519 1301 1593 rrnureus‘?

592 1805 691 1872 Nunc
709 1809 819 1870 autem
840 1802 1047 1870 Boeotrelero
1065 1803 1072 1838 ¹
1095 1810 1128 1869 et
1148 1802 1286 1870 Munkio
1301 1811 1313 1846 ²
1331 1803 1401 1887 jnm
1423 1803 1554 1870 obuiam
1575 1821 1659 1871 eun-

548 1911 626 1978 dum
649 1915 711 1986 est,
733 1910 789 1995 qui
810 1927 944 1976 carmen
964 1905 1003 1976 C.
1023 1907 1105 1976 Silio
1129 1907 1246 1975 Italico
1267 1927 1333 1975 non
1355 1909 1427 1975 sino
1448 1909 1559 1994 eliqua
1573 1911 1658 1978 veri-

548 2016 628 2082 tatis
648 2014 759 2100 speeie
779 2013 1043 2080 vindicaverunt.
1061 2010 1145 2080 Cum
1166 2012 1253 2078 enirn
1271 2012 1478 2080 Punicorum
1499 2015 1654 2101 scriptor,

548 2138 635 2187 anno
651 2123 726 2206 post
741 2116 910 2186 Christum
925 2123 1040 2183 natum
1055 2117 1171 2203 quinto
1186 2123 1219 2183 et
1233 2117 1393 2186 vicesimo
1410 2123 1521 2202 notus,
1535 2138 1602 2187 uno
1625 2127 1657 2188 et

548 2227 729 2294 centesimo
757 2242 948 2310 supremum
975 2223 1081 2306 diem,
1107 2229 1144 2290 ut
1169 2227 1284 2290 notum
1313 2230 1380 2306 est,
1412 2224 1545 2306 obierit,
1571 2231 1658 2294 tem·

547 2350 663 2418 porum
693 2330 855 2396 rationem
879 2329 921 2396 iis
945 2347 1030 2414 quoe
1054 2347 1168 2416 supra,
1190 2329 1218 2396 si
1243 2328 1328 2396 bene
1352 2330 1559 2416 disputatum
1589 2337 1654 2414 est,

547 2435 801 2516 introduximus,
820 2435 901 2502 satis
921 2434 1025 2520 liquet
1044 2453 1111 2502 non
1132 2453 1330 2520 repugnare.
1348 2434 1435 2502 Nam
1457 2434 1576 2504 Silium
1591 2434 1656 2504 Ite·

547 2543 647 2610 lioum
663 2541 753 2608 nullo
769 2541 868 2608 modo
883 2545 960 2607 ante
976 2540 1102 2606 obitum
1118 2539 1263 2608 Neronis
1284 2559 1403 2608 versus
1425 2541 1656 2627 composuisse

545 2647 709 2715 Aemilius
731 2645 903 2712 Baehrens
928 2663 994 2712 non
1017 2645 1099 2711 mihi
1123 2663 1261 2730 prorsus
1286 2645 1466 2730 persuasit.
1494 2645 1591 2728 Quod
1616 2665 1656 2715 ex

546 2751 719 2820 notissimo
743 2751 799 2817 ilio
821 2748 984 2817 Martialis
1007 2749 1247 2836 epigrammate
1267 2747 1358 2835 (VII,
1383 2749 1441 2839 63)
1465 2751 1517 2818 vir
1536 2751 1655 2822 doctus

546 2856 675 2944 collegit
693 2875 701 2924 :

724 3046 863 3129 Perpetui
878 3065 1039 3127 numquam
1054 3045 1195 3109 moritura
1211 3045 1360 3110 volumina
1377 3046 1434 3112 Sili
1531 3093 1535 3101 -

766 3135 824 3208 Qui
838 3134 910 3216 legis
924 3141 953 3196 et
967 3133 1034 3196 latia
1049 3134 1177 3196 carmina
1192 3133 1279 3215 digna
1292 3142 1369 3216 toga,

724 3221 835 3284 Pierios
850 3229 960 3284 tantum
978 3221 1035 3283 uati
1050 3221 1193 3301 placuisse
1207 3239 1339 3284 recessus

765 3307 867 3371 Credis
881 3315 910 3371 et
929 3309 1040 3371 Aoniae
1054 3307 1187 3370 barchina
1201 3315 1276 3371 serta
1289 3310 1410 3374 oomoei

726 3395 814 3460 Sacra
828 3395 991 3458 cothurnati
1006 3413 1065 3458 non
1079 3395 1174 3477 attigit
1187 3403 1254 3460 ante
1268 3397 1395 3461 Mamnis

762 3483 896 3566 Implevit
910 3483 1008 3564 magni
1022 3503 1111 3566 quam
1128 3483 1275 3548 Cioemnis
1290 3503 1375 3568 opus.

588 3673 638 3741 Ex
664 3693 740 3761 quo,
773 3673 802 3741 si
829 3693 944 3742 verum
974 3674 1071 3742 fateri
1099 3674 1268 3760 volumus,
1293 3675 1439 3744 eiticitur
1466 3681 1501 3744 et
1528 3677 1657 3764 cogitur

545 3777 662 3847 Silium
673 3780 743 3864 iam
758 3798 912 3866 magnam
930 3779 1003 3848 aevi
1019 3786 1148 3867 partem
1163 3779 1197 3847 in
1214 3779 1405 3848 forensibus
1422 3783 1534 3850 causis
1550 3786 1655 3850 trans·

576 3979 599 4025 t.
615 3973 763 4024 nieustria
775 3975 890 4036 timeum,
905 3980 922 4026 t.
938 3977 1030 4038 xxxv,
1045 3989 1070 4040 p.
1086 3978 1141 4028 ³9¹.

576 4047 601 4096 2.
616 4047 686 4097 uua:
700 4058 747 4094 orso
760 4046 989 4108 susurrantium.
1005 4048 1048 4098 tter
1058 4061 1134 4100 roem.
1153 4049 1240 4114 ittam,
1255 4049 1344 4113 Berlin,
1360 4049 1431 4111 1875,
1448 4052 1466 4100 t.
1482 4049 1514 4110 11,
1530 4063 1555 4114 p.
1570 4051 1626 4101 sta.
