3886 5158
220 443 286 486 xxiv
624 443 663 492 DE
686 445 791 492 tutuno
811 445 926 493 Lamus

220 555 376 643 Scaliger
407 559 472 627 hoc
506 560 549 626 od
575 559 675 628 Ilind.
700 559 814 642 XXII,
836 563 900 633 l103
934 559 1100 645 respicere
1129 559 1245 639 docel;
1271 559 1330 626 sed

218 660 377 732 Walther
395 664 460 732 hoc
479 665 701 736 Homericum
722 666 802 734 illud
827 659 899 741 ὀδὰξ
924 661 1007 730 ἑλεῖν
1027 659 1120 737 οὖδας
1137 682 1331 752 expressum

219 785 297 834 essc
317 771 519 857 suspicatur.

266 874 477 958 Priscianus,
498 875 579 958 VII,
597 896 629 964 p.
649 879 713 951 33h
729 877 792 944 th
809 897 817 942 ε
836 901 853 937 u
875 874 937 945 Cn.
959 874 1082 944 Matius
1097 876 1130 942 in
1147 873 1274 943 Ilinde:

485 1077 682 1143 celerissimus
696 1077 809 1142 advolat
823 1078 938 1154 Hector,
956 1103 971 1136 s

221 1288 307 1357 quae
340 1267 443 1336 rerha
472 1267 656 1335 reseremus
687 1285 761 1334 cum
790 1265 966 1334 Wolthero
991 1267 1033 1334 nd
1061 1266 1158 1335 Iliad.
1188 1267 1253 1336 VII
1278 1273 1323 1337 l:

218 1370 370 1452 ἐξέσσυτο
398 1369 551 1465 φαίδιμος
573 1371 710 1462 Ἕκτωρ,
737 1373 969 1460 potiusquam
994 1391 1069 1442 cum
1094 1372 1262 1460 Scaligero
1286 1375 1327 1441 nd

217 1480 300 1562 XII,
321 1483 407 1553 1162:
426 1476 442 1542 ὁ
458 1475 527 1568 δ’ἅρ
549 1476 654 1568 ἔσθορε
672 1475 821 1571 φαίδιμος
835 1477 973 1568 Ἕκτωρ.

264 1585 420 1671 Denique
450 1585 526 1653 vide
555 1586 642 1673 apud
672 1584 878 1668 charisium,
905 1585 927 1652 l.
953 1584 983 1669 1,
1010 1588 1076 1652 tlt
1104 1584 1149 1668 K,
1176 1585 1231 1652 nbi
1260 1584 1320 1655 Cn.

219 1693 362 1774 lintius,
385 1690 482 1758 Iliad.
500 1691 577 1774 XV,
595 1711 717 1760 oerum
737 1712 796 1779 pro
812 1712 927 1761 ocrem
947 1692 1069 1760 dixisse
1085 1693 1237 1760 traditur.

266 1797 358 1881 lam,
376 1798 405 1862 si
426 1797 525 1864 licent
546 1797 641 1864 nohis
661 1799 786 1884 aliquid
807 1799 920 1866 dehis
942 1798 1095 1866 omnihus
1115 1797 1325 1878 concludere,

221 1901 367 1970 Iliadem
381 1903 544 1988 integram
562 1921 579 1968 a
596 1901 656 1971 Cn.
675 1903 777 1971 Matio
791 1904 991 1970 hexametris
1009 1922 1075 1970 non
1097 1903 1169 1968 sinc
1184 1903 1325 1988 quodam

219 2008 329 2074 nitore
361 2006 576 2074 censebimus
604 2027 712 2096 neque
739 2009 842 2076 rerho
870 2009 913 2076 ad
944 2010 1104 2089 verbum,
1131 2008 1189 2074 sed
1218 2008 1326 2094 potins

220 2131 343 2197 magna
362 2131 438 2178 cnm
462 2111 614 2180 libertate
632 2120 819 2200 conatuque
837 2113 926 2181 lraud
946 2113 1069 2182 infelici
1089 2118 1124 2180 ut
1141 2113 1327 2181 numerosis

219 2215 375 2283 versibus
391 2233 491 2282 narres
507 2217 627 2283 latinas
640 2219 873 2303 permulceret.

263 2320 309 2387 At
343 2339 434 2388 nunc
468 2321 509 2388 de
536 2321 660 2388 Ninnio
687 2321 809 2390 Crasso
839 2339 909 2389 rem
932 2339 1082 2408 agamus,
1115 2323 1171 2407 qui
1199 2322 1330 2389 videtur

219 2425 324 2493 Furio
344 2423 507 2492 Bibaculo
523 2425 672 2511 aequalis
691 2426 796 2492 inisse
815 2423 1019 2510 Iliademqne
1034 2443 1074 2492 ex
1090 2432 1157 2492 toto
1176 2425 1327 2492 versibus

219 2531 429 2600 hexametris
458 2531 566 2598 lertur
593 2531 693 2598 latine
721 2529 921 2597 reddidisse.
947 2530 1029 2597 Tres
1058 2529 1155 2596 modo
1184 2535 1325 2612 exstant,

221 2636 287 2704 duo
303 2639 432 2702 tontum
449 2635 582 2720 integri,
596 2653 681 2700 unus
697 2652 850 2701 mancus.
866 2632 965 2721 Apud
980 2632 1137 2714 Nonium,
1154 2651 1181 2699 s.
1199 2652 1230 2700 v.
1242 2631 1329 2716 fite:

224 2765 240 2802 o
259 2737 415 2822 Crassus,
434 2739 491 2806 lib.
508 2738 591 2806 XVI
611 2737 735 2806 Iliados
754 2759 761 2804 :

630 2933 698 2997 socii
713 2951 792 2997 nnnc
805 2933 855 2996 ille
868 2934 931 2999 viri.
948 2958 965 2992 »

95 3158 100 3168 -
222 3137 299 3186 cum
315 3117 412 3185 Iliad.
429 3117 474 3203 V,
487 3121 574 3186 529:
592 3115 737 3212 ὧφίλοι,
753 3116 859 3208 ἀνέρες
879 3115 961 3206 ἔστε,
977 3119 1131 3187 Walther
1145 3097 1325 3207 comparat.

220 3223 576 3396 ApuddPriscianum,
604 3225 649 3306 X,
675 3246 709 3313 p.
736 3229 800 3293 503
826 3225 889 3292 le
915 3245 923 3292 :
949 3251 965 3285 α
989 3225 1133 3293 Ninnius
1155 3225 1190 3293 in
1213 3225 1328 3294 Iliadis

221 3347 324 3397 secun
350 3347 393 3396 o:

349 3519 487 3584 Fecundo
502 3529 634 3602 penetrat
648 3521 763 3604 penitus
777 3522 961 3604 thalamoque
972 3523 1090 3604 potitur.
1107 3547 1123 3580 »

223 3713 376 3802 Respicit
388 3714 471 3782 sniis
482 3713 524 3782 dd
536 3713 647 3796 Iliad,
660 3713 723 3798 III,
737 3719 822 3788 dh7:
837 3709 858 3792 ἦ
871 3713 921 3804 ῥα,
934 3709 1080 3806 καὶῆρχε
1090 3711 1226 3806 λέχοσδε
1236 3715 1327 3783 κιὼν.

272 3820 378 3905 thid,
396 3819 459 3900 IX,
476 3839 510 3908 p.
533 3821 598 3892 tus
616 3840 624 3886 ε
645 3845 662 3881 u
682 3819 827 3888 Ninnius
847 3818 989 3890 Crassus
1008 3821 1042 3887 in
1057 3819 1172 3890 XXIV
1186 3819 1299 3889 Iliadis
1317 3843 1325 3888 1

367 4011 441 4074 Nam
456 4029 515 4076 non
531 4010 646 4075 connivi
659 4010 757 4075 oculos
772 4029 825 4094 ego
839 4010 943 4078 deinde
957 4029 1069 4096 sopore.
1087 4037 1103 4070 s
