3886 5158
268 439 285 480 X
671 435 710 482 DE
731 433 835 482 lemos
856 432 969 480 LA'l'lNA

269 549 387 618 aetatis
407 567 473 636 quo
492 549 657 632 vixerunt,
681 551 722 617 ab
747 550 809 617 hoe
829 548 1035 635 correptione
1056 549 1224 616 nonsatis
1248 549 1365 616 abhor-

269 662 356 723 rent.
368 653 525 722 Invenies
545 656 633 722 enim
651 657 735 742 apud
752 656 914 722 Avienum
935 655 968 720 in
988 653 1157 739 Periegesi
1171 675 1179 720 :
1192 657 1270 736 263,
1283 673 1365 740 erpo

268 761 403 838 solum:
418 763 496 842 299,
509 780 592 846 erpo
607 761 722 844 modi‚·
734 763 809 842 358,
827 778 908 846 erpo
928 759 1013 840 ta'di;
1024 762 1101 840 95h,
1119 759 1217 846 oirpo
1232 759 1362 828 locans.

269 866 390 952 Neque
405 868 709 952 praetermittamus
722 885 818 952 quae,
832 865 981 952 quamvis
997 865 1063 931 siut
1078 865 1230 948 iambica,
1249 884 1364 952 parum

269 973 413 1058 placent,
429 975 506 1053 176,
524 973 647 1053 dinco,¹
660 976 758 1052 1917,
771 971 863 1039 dato.
875 970 971 1038 Adde
987 969 1066 1038 illud
1081 970 1235 1038 Pentadii
1251 976 1364 1038 nolum

267 1079 401 1159 Sentio,
417 1079 516 1164 [repit
532 1079 657 1146 lu'erus.

313 1183 506 1265 Praetereo,
523 1182 642 1248 Avieni
663 1183 795 1250 saeculo
811 1187 868 1249 aut
891 1182 991 1263 circa,
1010 1199 1073 1266 qua
1094 1187 1289 1268 tempestate
1311 1182 1365 1248 lit-

269 1295 358 1356 terae
383 1288 506 1354 latinae
527 1286 645 1372 jandiu
668 1287 882 1354 adscensum
904 1287 1094 1372 vergebant,
1118 1287 1152 1354 in
1175 1287 1365 1354 nominihus

268 1393 397 1480 graecis
418 1391 561 1474 syllabas
582 1390 700 1456 breves
720 1391 913 1476 producere,
931 1393 1045 1476 longas
1073 1391 1239 1478 corripere
1263 1391 1365 1458 inter-

270 1499 348 1566 dum
369 1498 524 1565 licentius
544 1497 619 1563 nusi
641 1504 719 1563 sunt
737 1503 851 1582 poetae
868 1495 891 1564 ¹.
907 1496 1002 1577 Quod
1022 1499 1136 1565 vitium
1158 1517 1224 1565 non
1245 1499 1366 1565 vitave-

270 1609 360 1684 runt,
380 1623 456 1671 oum
476 1603 619 1682 Avieno,
636 1601 818 1684 Ausonius,
834 1601 1050 1688 Prudentius,
1068 1604 1224 1672 Sidonios
1242 1603 1366 1690 Apolli·

269 1710 373 1792 naris,
397 1709 465 1776 alii.
487 1708 578 1776 Nilril
604 1712 715 1774 autern
739 1707 845 1774 simile
874 1708 907 1774 in
931 1707 1045 1774 Iliadis
1073 1709 1225 1795 Epitoma
1253 1715 1365 1776 nostra

270 1815 433 1894 occurrit;
458 1815 569 1880 nullus
591 1833 683 1880 error
707 1813 851 1880 offendit.
874 1812 920 1880 At
938 1813 1012 1880 vide
1034 1815 1120 1900 apud
1139 1815 1316 1896 Avienum,
1333 1815 1365 1881 in

268 1921 440 2006 Perlegesi
454 1939 461 1984 :
475 1923 553 1999 129,
566 1918 747 2006 Puclvym',·
759 1923 835 2002 569,
853 1919 1048 2006 1116116116·
1064 1922 1141 2000 631,
1157 1921 1365 2004 Pachynus·

268 2029 346 2107 662,
364 2029 443 2106 663,
461 2027 616 2112 Corcyra
631 2026 693 2110 (ter
712 2026 745 2090 in
762 2025 889 2092 duobus
906 2026 957 2091 liis
972 2026 1121 2092 versibus
1137 2026 1219 2092 lalso
1235 2027 1366 2110 quanli-

269 2139 335 2198 tate
356 2149 481 2197 nomen
505 2131 679 2215 usurpavit
698 2131 821 2217 poeta);
845 2134 922 2212 693,
938 2131 1094 2216 Abydus.
1110 2130 1207 2198 Adde
1226 2132 1310 2198 haec
1332 2132 1365 2196 in

269 2235 336 2304 Oro
356 2235 523 2301 maritimo
547 2255 554 2300 :
577 2239 633 2318 13,
653 2236 876 2316 Hellanicus,-
892 2240 968 2318 1121,
985 2237 1269 2322 Libyphoenices
1289 2235 1367 2317 Qni-

267 2340 331 2408 hus
351 2340 386 2406 in
408 2339 600 2406 nominibus
624 2341 751 2407 eunctis
776 2348 926 2426 correpta
949 2342 1122 2408 adhibetur
1144 2343 1363 2427 paenultima;

267 2445 303 2512 in
322 2445 375 2512 his
396 2449 521 2524 autem,
538 2445 699 2530 producta
717 2465 724 2510 :
744 2445 778 2510 in
794 2445 977 2531 Periegesi,
994 2449 1071 2527 679,
1087 2447 1240 2514 Salamis
1249 2469 1263 2527 ,·
1279 2449 1365 2512 1013

266 2551 421 2638 (fortasse
437 2550 572 2636 quidem
588 2550 682 2616 locus
698 2569 715 2616 a
732 2549 874 2616 librariis
890 2557 1063 2636 corruptus
1075 2551 1140 2640 uest)
1158 2552 1306 2635 Oropus.

311 2656 516 2724 Wernsdorl
538 2656 638 2741 igitur
669 2654 700 2721 id
730 2655 816 2741 quod
843 2655 1025 2722 cavendum
1051 2661 1121 2722 erat
1145 2673 1212 2720 non
1238 2655 1366 2722 cavisse

267 2763 349 2830 satis
369 2763 546 2849 perspicue
566 2763 697 2829 videtur
714 2781 721 2827 :
739 2770 938 2847 perscrutari
960 2761 1113 2828 videlieet
1132 2761 1241 2828 omnia
1258 2761 1365 2830 Italici

267 2869 356 2936 61166
370 2874 477 2934 artem
488 2868 663 2935 metricam
679 2868 797 2954 placita
812 2887 877 2934 non
893 2885 1031 2934 necesse
1047 2873 1132 2946 erat;
1145 2885 1260 2933 verum
1276 2867 1364 2933 enim

266 2991 357 3053 vero,
386 2974 414 3039 si
439 2973 670 3040 tantummodo
694 2973 920 3058 quaestionem
940 2972 992 3038 vir
1014 2972 1130 3064 doctus
1152 2972 1268 3039 leviter
1293 2972 1367 3038 atti-

267 3079 383 3165 gisset,
413 3097 449 3146 se
480 3078 583 3144 nimio
613 3077 792 3144 indulsisse
820 3079 951 3164 ingenio
987 3078 1097 3144 statim
1128 3077 1276 3158 vidisset,
1303 3095 1366 3144 nec

268 3188 386 3270 quarto
415 3184 548 3251 saeculo
571 3201 707 3250 carmen
730 3182 911 3250 tribuisset.
937 3181 1065 3268 ltaque,
1092 3181 1366 3250 Wernsdorfiano

268 3289 433 3356 sententia
448 3290 584 3373 rejecta,
602 3289 701 3354 aliam
714 3289 874 3356 rationem
892 3307 1103 3375 quaeramus.

314 3393 411 3474 Quod
427 3393 454 3458 si
471 3395 560 3480 apud
574 3392 726 3461 Italicum
739 3399 836 3479 atque
852 3393 938 3479 apud
956 3393 1237 3479 elegantissimum
1253 3411 1365 3479 quem·

267 3518 331 3586 que
351 3499 450 3584 primi
475 3505 551 3585 post
574 3497 653 3567 Chr.
672 3519 706 3564 n.
724 3499 848 3567 saecoli
868 3481 984 3566 eadem
1011 3499 1174 3585 reperitur
1192 3499 1273 3565 artis
1295 3517 1368 3566 me-

298 3705 321 3754 1.
337 3701 374 3754 Cf.
393 3704 489 3753 Locrau.
507 3705 635 3766 llusansn,
649 3703 683 3752 lle
695 3717 722 3752 re
736 3704 841 3766 661νί66,
856 3718 881 3768 p.
899 3705 944 3752 936
958 3715 996 3766 sq.
1011 3728 1042 3739 —
1056 3701 1115 3752 Vide
1130 3701 1212 3762 etiarn,
1227 3701 1251 3750 in
1267 3699 1368 3751 Ausonii

266 3772 380 3832 editione,
391 3785 462 3836 qnam
473 3785 550 3836 nuper
564 3772 724 3823 llonnmentis
739 3773 876 3824 Germaniae
886 3773 1007 3823 historicis
1018 3771 1126 3821 Canonns
1135 3774 1246 3823 scamas
1258 3770 1367 3831 inscruit,

267 3843 367 3894 indicem
384 3844 553 3906 grammaticae
570 3842 711 3894 elocutionis
727 3848 751 3893 et
767 3844 800 3894 rei
819 3845 939 3905 metricae,
952 3843 992 3894 uhi
1013 3843 1119 3893 invenies
1138 3844 1229 3902 Darios,
1243 3841 1368 3906 Stympha-

269 3915 340 3974 lidas,
357 3915 474 3975 Sicaniae,
492 3914 614 3974 Citheron,
632 3913 788 3976 Clytemestra
805 3916 868 3978 (ric),
888 3915 1008 3975 Peliaden,
1026 3913 1132 3976 Phidiae,
1153 3913 1272 3977 syracusi,
1292 3917 1368 3975 Aorn-

268 3984 348 4046 dinos,
363 3985 491 4048 Diogenes,
506 3984 619 4049 Dryadia,
635 3983 695 4034 laisa
709 3984 839 4046 quantitate
855 3989 944 4036 notata.
958 4011 990 4022 ·-
1008 3986 1115 4036 Necnon
1133 3985 1195 4048 epod
1215 3982 1367 4033 9166661166

269 4057 427 4122 reperiuntur,
442 4061 554 4120 corrupta
568 4055 709 4120 quantitate,
725 4055 858 4118 Chelidoni,
868 4055 1029 4121 Asclepiades,
1042 4056 1170 4116 Socratem,
1183 4052 1312 4118 Euripidis,
1322 4055 1366 4103 etc.
