3886 5158
1030 443 1070 488 DE
1091 441 1197 489 luteos
1218 440 1333 488 Lartrtn
1641 441 1735 484 xxxvl!

631 581 706 629 men
726 560 870 640 laboret,
888 559 1039 645 jejunum
1061 565 1093 626 et
1112 559 1195 628 exile
1220 560 1353 646 saepius
1375 557 1585 643 languescat,
1610 557 1732 645 ineptis

629 667 794 736 interdum
832 665 1006 742 redundet,
1042 666 1123 732 nihil
1156 664 1370 752 ingenuitatis
1404 663 1617 744 Homericae,
1651 665 1732 731 nihil

630 773 800 841 Homerici
816 772 987 858 sanguinis
1004 772 1157 852 retineat,
1170 791 1279 858 neque
1295 771 1408 838 decem
1424 771 1596 837 exordiae
1613 771 1733 837 habeat

630 899 747 947 versus
777 877 891 964 quales
921 897 939 944 e
965 876 1011 944 bl.
1042 876 1148 944 Tullio
1174 897 1275 964 supra
1304 875 1426 942 laudati
1451 882 1541 960 sunt,
1564 876 1632 960 jum
1664 877 1733 942 lere

630 984 829 1055 addicimus
849 992 885 1052 ut
900 1004 983 1070 opus
1002 985 1179 1052 reiciamus
1196 985 1309 1051 sterile
1331 991 1527 1070 poetamquc
1543 983 1732 1070 imperitum

630 1100 894 1161 contemnamus.
924 1089 991 1159 Sed
1022 1090 1204 1158 cavendum
1229 1097 1281 1157 est
1307 1108 1349 1157 ne
1372 1089 1502 1176 longius
1526 1109 1624 1176 quam
1650 1091 1734 1158 ratio

631 1199 787 1286 postulat,
806 1197 907 1262 nimia
926 1197 1119 1264 morositate
1143 1195 1392 1282 digrediamur:
1414 1196 1519 1262 nostri
1544 1197 1631 1262 enim
1656 1197 1732 1262 ritia

629 1303 843 1371 excusatione
866 1301 1008 1383 consilii,
1031 1301 1118 1388 quod
1140 1300 1202 1367 sibi
1231 1301 1287 1368 ille
1310 1299 1526 1388 proponebat,
1553 1300 1732 1368 defendere

628 1411 717 1479 licet.

673 1515 805 1584 Scimus
832 1514 976 1583 Graecos
1003 1533 1069 1582 non
1098 1516 1208 1582 minus
1238 1516 1271 1581 in
1302 1516 1440 1582 coloniis
1469 1533 1569 1601 quam
1599 1514 1633 1580 in
1661 1514 1731 1601 ipsa

628 1624 734 1710 patria
762 1622 964 1690 carminibus
989 1622 1178 1688 Homericis
1203 1622 1311 1708 primo
1332 1624 1400 1706 jam
1427 1640 1558 1708 quoquc
1585 1628 1732 1707 tempore

628 1747 763 1814 operam
789 1749 906 1794 navam
933 1729 1077 1795 dedisse.
1100 1727 1138 1794 Id
1164 1747 1263 1814 quam
1289 1747 1402 1795 verum
1429 1729 1484 1810 sit,
1502 1747 1542 1794 ex
1563 1727 1627 1794 hoc
1651 1728 1733 1793 satis

627 1835 810 1921 perspicies
832 1835 919 1920 quod
944 1833 1115 1914 Zenodoti,
1136 1834 1383 1919 Aristophanis,
1401 1833 1587 1900 Aristarchi
1612 1834 1731 1900 studiis

625 1941 788 2007 vetustior
803 1941 864 2004 luit
885 1939 1100 2006 blassiliotica
1117 1959 1201 2025 quae
1217 1939 1339 2004 dicitur
1358 1939 1457 2006 editio
1476 1940 1499 2005 ².
1515 1939 1628 2024 Atque
1648 1938 1731 2008 adeo

627 2043 759 2127 Graeci,
785 2047 840 2131 qui
866 2045 964 2112 sedes
993 2045 1027 2111 in
1051 2044 1146 2112 Italia
1175 2045 1334 2112 interiore
1361 2045 1537 2127 habebant,
1561 2045 1732 2113 Romanus

626 2153 775 2238 aliasque
796 2150 930 2218 Italicas
950 2159 1065 2237 gentes
1086 2171 1104 2218 a
1124 2152 1288 2238 principio
1308 2151 1437 2218 fabulas
1460 2150 1648 2218 homericus
1670 2151 1731 2219 do·

626 2261 778 2325 cuerunt.
792 2243 920 2344 'Neipne
943 2257 1042 2341 hujus
1065 2257 1113 2324 rei
1138 2261 1266 2323 tantum
1292 2275 1311 2322 a
1331 2255 1416 2324 bello
1436 2257 1558 2342 punico
1581 2257 1729 2324 secundo

625 2363 831 2450 Livianaquc
856 2368 927 2430 orta
953 2360 1103 2448 Odyssea
1132 2363 1261 2429 initium
1292 2363 1473 2429 notandum
1501 2369 1568 2443 est;
1596 2363 1726 2447 jandiu,

625 2469 809 2536 secundum
838 2468 916 2535 litus
946 2467 1145 2553 Campaniae
1175 2473 1207 2534 et
1231 2466 1320 2534 Latii
1353 2473 1386 2534 et
1416 2465 1583 2549 Etruriae,
1612 2467 1726 2550 urbes,

623 2575 765 2656 insulae,
794 2575 1019 2660 promontoria
1049 2573 1090 2639 ab
1119 2575 1257 2640 heroum
1286 2573 1504 2656 Troianorum
1535 2571 1727 2640 nominibus

623 2679 759 2746 nomina
790 2683 958 2744 traxerunt
985 2677 1009 2744 ².
1037 2676 1103 2745 Sed
1131 2677 1186 2744 hic
1217 2677 1257 2742 ab
1287 2695 1325 2743 ca
1351 2677 1483 2743 demum
1509 2682 1634 2760 aetate,
1663 2697 1726 2764 qua

580 2804 583 2810 ·
623 2782 765 2850 Romani
781 2783 935 2849 humanis
949 2780 1075 2848 artibus
1089 2800 1162 2848 sese
1175 2783 1385 2862 dediderunt,
1403 2782 1534 2849 initium
1550 2783 1724 2851 ducamus.

667 2889 751 2956 Tum
776 2905 867 2971 vero,
891 2905 965 2955 cum
990 2888 1151 2974 magistri,
1174 2907 1192 2955 e
1214 2887 1335 2973 Magna
1356 2885 1496 2956 Graecia
1518 2889 1594 2969 orti,
1617 2890 1726 2957 studia

623 2993 802 3062 Homerica
826 2993 965 3060 Romam
991 2993 1106 3078 primis
1130 2994 1178 3060 rei
1203 2993 1356 3079 publicae
1380 2992 1585 3079 temporibus
1609 2995 1728 3062 intule-

622 3101 708 3182 rint,
733 3105 858 3168 certum
886 3106 937 3167 est
964 3098 1102 3166 Iliadem
1129 3104 1162 3166 et
1186 3097 1371 3184 Odysseam
1395 3100 1429 3166 in
1452 3100 1577 3167 scholis
1601 3101 1725 3186 praele-

622 3209 693 3272 ctas
715 3223 790 3271 csse
810 3205 936 3292 pueris,
956 3223 1018 3272 nce
1042 3203 1178 3272 dubium
1200 3204 1332 3270 ridetur
1354 3204 1433 3289 quin
1453 3205 1554 3289 hujus
1574 3205 1726 3274 lectionis

621 3311 874 3379 tundamentum
896 3314 1004 3378 textus
1029 3329 1168 3397 graecus
1192 3309 1304 3376 luerit.
1329 3309 1404 3377 Non
1429 3309 1540 3378 obstat
1564 3311 1652 3398 quod
1680 3313 1727 3380 ait

621 3415 781 3483 Horatius
800 3416 834 3482 in
859 3415 996 3483 secundi
1020 3415 1095 3482 libri
1120 3415 1262 3502 epistula
1285 3415 1404 3501 primu,
1426 3433 1458 3480 v.
1485 3418 1541 3498 69,
1560 3433 1596 3484 se
1615 3413 1725 3502 Odys·
1836 3492 1840 3501 ‚

620 3539 713 3588 seam
742 3519 914 3587 Livianam
943 3519 1119 3605 adiuvante
1154 3517 1273 3586 Orbilii
1305 3519 1411 3586 serula
1439 3519 1610 3588 didicisse.
1638 3521 1724 3589 Nam

620 3627 796 3694 Horatium
813 3627 940 3712 graecis
956 3625 1075 3693 litteris
1090 3645 1109 3692 a
1125 3643 1228 3711 puero
1243 3625 1408 3693 imbutum
1422 3643 1497 3692 esse
1513 3645 1611 3693 nemo
1626 3645 1727 3713 nega·

651 3797 674 3844 l.
691 3792 728 3843 cl.
743 3793 810 3842 Fnrn.
827 3795 883 3842 Aue.
904 3793 985 3849 worn,
1001 3789 1139 3855 Prolepom.
1162 3791 1194 3841 ed
1212 3791 1320 3850 Homer„
1336 3790 1394 3842 edit.
1410 3801 1457 3841 sec.
1473 3803 1527 3840 cum
1548 3790 1611 3842 notis
1630 3792 1725 3843 ineditis

620 3867 722 3917 immun.
741 3861 848 3922 Belleri,
863 3861 949 3923 hercl,
966 3861 1037 3922 1876,
1053 3875 1077 3926 p.
1095 3863 1148 3912 llll.

650 3937 674 3986 2.
697 3936 777 3997 Nuper
795 3934 878 3984 doctus
897 3934 942 3994 air,
960 3933 981 3983 J.
1002 3935 1032 3983 A.
1052 3934 1124 3993 lirun,
1142 3933 1167 3984 in
1187 3933 1277 3994 libello,
1298 3933 1362 3997 qaod
1380 3932 1415 3982 La
1434 3931 1530 3996 legende
1548 3922 1635 3984 d’b‘nee
1654 3938 1727 3986 ceant

622 4004 713 4070 Virglle
732 4003 875 4066 inscribitur,
900 4015 949 4054 rem
970 4003 1110 4068 disputavit,
1135 4017 1160 4068 p.
1180 4005 1225 4067 555
1244 4030 1276 4041 -
1297 4002 1335 4054 Cl.
1354 4003 1516 4065 Scuuumm,
1536 4003 1606 4054 honr.
1632 4003 1726 4065 Gesch„

619 4090 644 4142 p.
659 4077 704 4125 ³10
720 4087 787 4136 squ,
804 4087 828 4136 p.
844 4074 898 4123 325.
