3886 5158
1002 437 1041 484 BE
1065 437 1171 487 itinn!
1191 439 1306 488 malua
1640 443 1704 484 xllx

645 553 685 621 In
704 553 890 622 Parisiensi
910 573 1042 643 quoque
1058 553 1088 626 C
1103 557 1172 642 iam
1194 557 1227 625 in
1247 575 1362 626 versus
1381 557 1451 626 lere
1472 558 1599 625 similes
1618 558 1704 626 inei-

601 657 710 727 dimus
728 680 737 727 τ

720 809 863 874 Pindarus
878 811 955 874 hunc
969 832 1067 876 seeum
1083 822 1162 878 trans
1175 823 1296 896 pontum
1311 815 1392 877 uerit
1403 815 1563 879 Homerum

722 897 822 964 Silicel
836 901 970 983 orgiuum
985 902 1063 964 dedit
1077 923 1139 966 esse
1154 911 1235 984 poeta
1250 903 1370 966 latinum

719 987 862 1052 Pindarus
876 990 954 1052 huno
967 990 1075 1053 librum
1088 991 1155 1054 lecit
1168 999 1290 1054 sectatus
1304 992 1461 1054 Homerum

720 1077 863 1141 Pindarus
878 1079 997 1142 Homeri
1012 1079 1203 1142 transcribens
1217 1080 1342 1143 earmina
1356 1081 1444 1163 pred.

601 1229 694 1298 Haeo
708 1231 819 1312 eliani,
838 1231 972 1298 saeculo
989 1232 1084 1299 terlio
1104 1231 1246 1310 deciano,
1267 1231 1364 1316 [largo
1384 1232 1649 1319 Trimbergensis
1669 1231 1703 1298 in

602 1361 618 1398 a
640 1337 788 1423 catalogo
807 1339 986 1405 naultorum
1011 1343 1184 1405 oraclorum
1206 1365 1237 1420 a,
1260 1339 1304 1406 ila
1326 1339 1556 1426 consignavit:
1578 1365 1594 1400 a
1615 1338 1704 1406 Hine

600 1443 718 1512 minori
732 1446 825 1512 locus
846 1449 897 1511 est
909 1445 988 1513 huic
1003 1445 1150 1512 Homero
1166 1446 1274 1529 datus,
1292 1466 1389 1533 quem
1404 1445 1584 1515 Pindarus
1600 1445 1704 1532 philo-

600 1551 723 1637 sopitus
742 1552 848 1618 lentur
867 1553 1076 1620 transtulisse
1099 1552 1276 1639 latinisque
1297 1552 1486 1620 doctoribus
1506 1553 1540 1619 in
1560 1555 1702 1620 metrum

599 1659 814 1724 convenissa
840 1684 856 1719 a
885 1657 1051 1746 Denique,
1076 1660 1104 1725 si
1129 1679 1262 1726 carmon
1285 1659 1463 1745 quoddam,
1490 1678 1508 1725 a
1533 1657 1700 1741 Benaone,

597 1762 734 1830 Albensi
750 1766 919 1850 episeopo,
933 1765 1093 1850 scriptum
1110 1784 1197 1832 anno
1213 1767 1299 1832 l087
1317 1773 1372 1832 aut
1388 1766 1488 1848 eirea,
1499 1765 1699 1851 respexeris,

598 1869 749 1936 Pindari
761 1889 884 1936 nomen
899 1869 1076 1938 undecimo
1092 1871 1225 1938 saeculo
1238 1871 1306 1956 jana
1326 1871 1495 1958 vulgatum
1518 1889 1592 1938 esse
1612 1889 1702 1939 eom·

598 1978 726 2060 perium
742 1975 892 2043 habebis.

641 2077 680 2147 In
695 2081 874 2149 Eriurtano
886 2080 1089 2150 autem‘nihil
1100 2083 1164 2149 nisi
1179 2083 1306 2172 incipit
1320 2083 1555 2152 lo'berllomerz'
1562 2085 1697 2171 legitur:

597 2185 631 2252 in
650 2185 820 2272 Leidensi,
838 2189 967 2276 z'neopz't
986 2189 1073 2258 liber
1090 2191 1217 2272 amere}
1234 2191 1268 2256 in
1285 2187 1556 2274 Goellerbylano‚
1574 2191 1702 2279 incipit

596 2294 777 2376 homerus·
793 2295 826 2361 in
842 2295 1036 2364 Monacensi
1053 2299 1176 2380 lauat,
1194 2295 1237 2364 cle
1253 2295 1338 2364 bello
1354 2304 1501 2382 tropaeo
1522 2281 1696 2364 domei-us.

596 2397 634 2466 ln
651 2402 801 2469 codicum
820 2403 978 2488 catalogis
1000 2421 1019 2468 a
1044 2404 1177 2469 saeculo
1198 2422 1286 2471 nono
1311 2403 1353 2470 ad
1372 2403 1586 2470 undecimum
1606 2421 1699 2470 eom·

596 2508 723 2592 positis,
741 2511 901 2590 omerus,
924 2507 1010 2595 quod
1027 2507 1270 2575 Baelrrensinna
1284 2527 1350 2574 non
1363 2509 1543 2596 praeteriit,
1566 2508 1698 2595 saepius

595 2619 888 2696 commemoratur,
918 2619 1016 2700 alque
1050 2615 1084 2680 in
1119 2614 1260 2700 epistula
1293 2613 1335 2680 ad
1368 2611 1575 2682 Grimoldum
1609 2614 1698 2682 cirea

594 2737 717 2786 annum
742 2722 807 2787 850
832 2720 968 2808 scripta,
991 2719 1208 2786 Ermenrieus
1232 2719 1541 2805 Ellwangeniensis,
1564 2719 1697 2788 laudato

593 2822 766 2912 Epilomae
781 2829 915 2894 nostrae
934 2844 1035 2894 versu
1050 2825 1203 2912 septimo,
1221 2825 1272 2892 lais
1291 2829 1418 2893 tantum
1438 2825 1550 2891 verbis
1565 2826 1694 2893 utitur:

596 2955 612 2993 a
643 2935 679 2999 ut
708 2932 794 3020 apud
827 2932 1012 3000 Homerum
1044 2931 1077 3000 in
1111 2931 1215 3000 Iliade
1247 2958 1277 3000 a.
1307 2933 1379 3002 Nee
1410 2931 1516 3018 magis
1548 2931 1700 3000 Pindari
1761 2937 1764 2944 '

594 3056 714 3108 nomen
733 3044 790 3108 aut
809 3039 940 3128 quidvis
957 3039 1065 3108 simile
1086 3039 1195 3106 attulit
1214 3037 1427 3108 Eberhardn's
1442 3037 1693 3124 Bethaniensis,

593 3164 656 3215 nee
670 3145 766 3216 Statii
786 3147 828 3215 ad
844 3145 1047 3216 Thebaidem
1062 3143 1123 3229 VI,
1141 3148 1206 3214 120
1223 3151 1316 3216 vetus
1337 3145 1501 3236 interpres
1521 3143 1694 3218 Luctatius

593 3271 653 3322 seu
672 3251 878 3324 Lactantius.

637 3359 836 3430 Pentadium
861 3367 972 3430 autem
1002 3361 1037 3430 in
1065 3360 1121 3428 illo
1149 3358 1296 3430 Pindaro
1320 3357 1526 3429 Wemsdorl
1550 3359 1695 3450 primum

593 3466 795 3556 deprehendi
823 3467 942 3552 jussit;
971 3467 1091 3536 deinde
1122 3469 1296 3555 postquam
1321 3464 1508 3554 Amanum,
1535 3487 1601 3536 non
1625 3468 1695 3556 jam

592 3574 789 3643 Pentadium
820 3574 936 3662 elegit,
969 3575 1033 3642 alio
1064 3573 1162 3642 modo
1193 3593 1264 3642 rem
1299 3575 1475 3662 explanare
1508 3575 1693 3664 temptavit.

494 3738 498 3746 .
588 3681 697 3779 ¹Notus
717 3685 769 3748 est
786 3681 962 3750 Pandarus
980 3681 1046 3763 ille,
1065 3700 1150 3748 unus
1170 3699 1211 3749 ex
1229 3681 1380 3768 Trojanis
1400 3682 1619 3770 principibus,
1639 3684 1696 3770 qui

973 3837 1106 3904 Λυκάονος
1119 3837 1219 3919 ἀγλαὸς
1232 3839 1287 3906 υἱὸς

672 3923 822 4008 Πάνδαρος,
838 3916 860 4007 ᾧ
874 3925 920 3985 καὶ
934 3924 1009 3994 τόξον
1029 3923 1169 3988 Ἀπόλλων
1182 3927 1260 3996 αὐτὸς
1275 3925 1370 3988 ἔδωκεν
1382 3927 1407 4004 ¹,

624 4094 646 4141 l.
662 4088 732 4141 iliud.
750 4091 782 4152 ll,
798 4092 852 4142 aaa.

683 4179 796 4236 Perssrs.
815 4188 888 4233 rausa
903 4189 979 4235 latiae.
