3886 5158
972 395 1011 442 DE
1032 393 1137 442 luleus
1157 393 1270 442 mulne
1596 391 1674 438 mil

572 515 759 596 conveniat,
783 530 844 600 ego
866 531 941 580 eum
962 511 1147 593 Walllrero‚
1168 512 1223 597 qui
1247 511 1329 578 haee
1352 509 1502 578 Tulliano
1523 509 1672 579 laborem

573 620 733 708 puerilem
759 635 878 704 sapere
903 618 1079 700 existimat,
1101 635 1167 684 non
1189 617 1310 683 aeriter
1334 615 1551 696 conlendom;
1575 615 1673 702 paulo

574 733 683 792 lamen
705 723 864 805 seuerior,
883 741 935 790 me
947 723 1072 807 judico,
1091 723 1124 789 in
1140 721 1185 790 M.
1203 722 1346 790 Tullium
1367 739 1487 788 censor
1506 732 1557 789 esl
1580 720 1675 788 Wal-

575 831 664 912 llrer;
683 848 759 896 nam
775 828 912 896 minime
926 822 1124 914 inja'aeundos
1141 829 1220 896 lules
1236 845 1353 894 versus
1368 826 1474 894 liabeo
1492 847 1500 894 :

695 1021 720 1085 0
735 1020 824 1084 deone
838 1020 1014 1102 Argolicum,
1029 1021 1100 1102 quin
1115 1020 1235 1102 puppim
1252 1019 1352 1092 doniis,
1369 1017 1478 1094 Ulixes,

694 1109 823 1172 Auribus
837 1116 870 1170 ul
881 1117 992 1171 noslros
1006 1109 1097 1190 possis
1111 1126 1264 1189 agnoscere
1280 1109 1395 1168 canius!

692 1198 766 1260 Nam
779 1215 864 1259 nemo
878 1197 946 1259 liaeo
961 1215 1099 1276 umquam
1114 1204 1155 1258 esi
1171 1201 1348 1257 lransreclos
1362 1192 1474 1256 eneruln
1490 1211 1578 1256 eursu

694 1285 772 1360 Quin
787 1285 869 1368 prius
883 1285 1003 1348 aslileril
1018 1303 1118 1348 oneum
1131 1283 1281 1347 dulcedine
1295 1289 1410 1364 eaplus;

693 1375 773 1452 Posl,
789 1373 875 1436 variis
889 1372 971 1435 avido
985 1374 1103 1435 sulialue
1117 1381 1230 1455 peelore
1245 1372 1346 1446 llusis,

694 1463 811 1525 Doctior
825 1462 860 1524 ad
872 1463 977 1544 patrias
993 1462 1091 1544 lapsus
1107 1460 1267 1544 pervenerit
1282 1477 1357 1522 oras.

694 1551 753 1612 Nos
767 1570 853 1630 grave
865 1560 1009 1614 conamen
1025 1551 1091 1613 belli
1106 1550 1273 1630 clademque
1288 1556 1419 1612 lenemas

695 1637 814 1700 Graecia
829 1657 915 1718 quana
930 1639 1030 1720 Trojoe
1045 1637 1140 1700 alirino
1155 1639 1273 1698 numine
1288 1636 1365 1698 rexil

696 1723 859 1807 Omniaque
874 1745 890 1788 e
905 1725 969 1786 lalis
983 1743 1080 1788 rerum
1095 1724 1211 1805 resligia
1228 1723 1321 1785 lorris.

619 1928 670 1999 Cl.
686 1949 762 1998 eum
779 1930 895 2012 Hom,
913 1927 1048 2016 OdysS.‚
1066 1929 1145 2012 XII,
1167 1932 1308 2002 lule-lei
1329 1949 1337 1995 :

694 2121 779 2206 dr'd'p’
793 2122 846 2206 ἄγ’
859 2123 916 2201 ldae,
930 2123 1056 2186 πολύαιν’
1075 2123 1197 2200 Ὀδυοιῦ,
1215 2125 1287 2208 μέγα
1301 2125 1378 2193 κῦδος
1399 2121 1528 2205 Ἀχαιῶν,

693 2215 743 2284 νῆα
757 2212 934 2288 κατάστησον,
948 2211 993 2272 ἵνα
1007 2211 1132 2295 νοοῖτίρην
1145 2209 1195 2273 ὄπ’
1211 2212 1339 2296 ἀκούσῃς.

694 2301 734 2360 Οὐ
752 2300 802 2382 γάρ
815 2299 858 2361 τιώ
869 2325 908 2368 τις
920 2304 982 2382 τῇδε
995 2302 1134 2384 παρήλασε
1145 2297 1187 2376 νηί
1200 2301 1324 2384 μιλοιίνρ,

695 2387 757 2468 πρίν
771 2385 806 2470 γ’
820 2387 910 2467 ἡμίων
923 2389 1064 2471 μελίγηρυν
1078 2391 1131 2451 ἀπὸ
1144 2391 1284 2469 στομάτων
1295 2387 1346 2450 ὄπ’
1359 2393 1481 2462 οἰκοῦσαι,

694 2473 762 2534 ἀλλ’
776 2475 823 2556 ὅγε
834 2477 994 2559 τερψάμενος
1007 2483 1092 2538 νεῖται
1106 2476 1150 2538 καί
1162 2477 1268 2538 πλείονα
1283 2475 1370 2545 elide.

694 2559 790 2640 Ἷδμιν
802 2563 853 2645 γάρ
868 2587 908 2623 τοι
919 2561 1010 2640 πάνθ’,
1026 2561 1110 2626 de’ld
1124 2563 1207 2646 Τροίῃ
1221 2563 1307 2648 ιῦριίῃ

700 2649 823 2732 Ἀργεῖοι
837 2649 929 2732 Τρῶίς
942 2675 972 2711 τε
986 2655 1052 2711 θεῶν
1066 2650 1149 2724 lde-qen
1165 2651 1295 2730 μόγησαν·

691 2738 769 2819 lignee
783 2736 823 2814 δ’,
836 2739 905 2800 doen
919 2737 1027 2819 γίνηται
1043 2739 1086 2800 leel
1100 2739 1175 2820 χθονὶ
1188 2737 1391 2822 πουλοιίοτιίρῃ.

618 2935 723 3006 Vides
751 2957 889 3025 graecos
918 2947 992 3008 octo
1015 2960 1133 3009 versus
1157 2941 1293 3009 tolidem
1318 2940 1429 3008 lalinis
1451 2937 1558 3022 reddi,
1584 2935 1674 3004 alin

573 3041 802 3111 Ciceronianis
823 3045 939 3113 deesse
963 3047 1199 3134 ingenuitatem
1219 3051 1251 3114 el
1270 3039 1486 3115 Homericum
1507 3045 1671 3122 colorem;

573 3165 639 3216 non
661 3167 862 3236 magnopere
882 3169 1001 3219 sensus
1022 3153 1143 3240 premi;
1161 3153 1262 3220 verbu
1291 3152 1454 3240 quaedem
1483 3147 1673 3238 gratissima

572 3271 647 3321 esse
663 3255 825 3340 neglecta,
843 3255 906 3322 alia
926 3275 1043 3343 parum
1067 3263 1158 3344 grele
1181 3257 1291 3326 addila
1318 3277 1327 3326 ι
1347 3255 1424 3336 νηῦς
1444 3251 1579 3348 μέλαινα
1599 3271 1674 3321 eno·

572 3357 662 3439 nuil3
680 3359 827 3427 dulcedo
847 3378 969 3428 uocum
988 3381 1054 3429 non
1079 3368 1146 3428 lam
1167 3363 1263 3430 dulce
1282 3367 1379 3430 sonet
1403 3380 1501 3448 quam
1523 3353 1562 3448 ὂψ
1584 3353 1674 3450 pell-

570 3483 685 3552 γηροςς
704 3464 857 3531 iteratum
873 3466 914 3532 ob
929 3465 1077 3534 Homero
1094 3462 1183 3558 ἴδμεν
1199 3464 1314 3535 Cicero
1330 3486 1395 3534 non
1412 3466 1555 3534 ilerevll.
1572 3463 1672 3533 Haud

571 3569 726 3654 equidem
753 3569 877 3637 inlitior
897 3591 906 3638 ι
927 3577 1073 3639 etlumen
1093 3573 1184 3638 latini
1209 3591 1326 3639 versus
1348 3571 1544 3640 suavitatem
1569 3589 1674 3658 qnan-

570 3673 645 3739 dam
675 3673 786 3755 olent,
813 3693 921 3761 neque
949 3677 1030 3743 mihi
1059 3676 1262 3764 ineleganter
1286 3677 1400 3764 seripli
1425 3695 1488 3744 nee
1509 3676 1670 3758 doctiore,

569 3797 666 3863 quem
687 3797 844 3866 umquam
866 3781 993 3849 Tullius
1019 3782 1091 3863 luit,
1114 3790 1210 3869 poete
1230 3783 1356 3870 indigni
1376 3783 1545 3864 videntum
1569 3787 1672 3868 tuque

567 3883 687 3968 injuria
703 3885 835 3952 mireris
854 3888 993 3972 vesligin
1013 3889 1095 3955 lanli
1115 3888 1208 3955 ducis
1225 3895 1356 3975 poetam
1372 3889 1573 3956 mediocrem
1589 3907 1670 3955 non·

568 3989 631 4056 nisi
648 3989 746 4075 longo
762 3990 934 4059 intervallo
954 3999 1104 4062 seculum
1120 4011 1208 4062 esse.
