3886 5158
975 1657 1130 1733 CAPUT
1157 1660 1171 1733 l

610 1915 654 1964 DE
678 1915 763 1964 tems
789 1915 847 1974 QUI
872 1915 959 1966 APUD
985 1914 1146 1966 ROMANOS
1174 1915 1281 1974 t'soote
1307 1917 1349 1966 tt)
1376 1916 1536 1968 Nosrnuu

725 2019 853 2071 dotti-:nt
879 2021 1025 2070 cnuum't
1049 2021 1167 2070 LATINE
1194 2021 1425 2072 REDDIDERUNT

566 2251 641 2320 Jom
662 2269 752 2318 nunc
774 2251 954 2318 videndum
980 2251 1023 2317 sit
1047 2269 1131 2336 quoe
1156 2250 1245 2336 opud
1265 2250 1432 2318 Romanos
1456 2271 1561 2339 usque
1586 2254 1628 2321 ud

524 2359 675 2428 Italicum
691 2359 799 2426 studio
816 2357 997 2426 Homerico
1017 2357 1181 2444 viguerint
1198 2363 1232 2425 ut
1252 2358 1331 2443 quid
1347 2357 1500 2443 Epitomn
1520 2361 1629 2429 volent

525 2467 648 2534 rectius
672 2467 899 2532 aestimemus,
918 2462 1002 2532 Cum
1026 2469 1136 2530 nutem
1162 2463 1227 2530 duo
1249 2463 1433 2530 doctissimi
1458 2465 1531 2548 viri,
1551 2464 1627 2535 Cur.

524 2570 611 2638 Phil.
643 2568 782 2652 Euler¹,
813 2569 931 2636 Herm.
957 2565 1143 2635 Woltlrer’
1166 2567 1201 2632 in
1224 2567 1343 2634 libellis
1371 2570 1522 2653 perutilis
1550 2571 1631 2639 doc-

525 2677 630 2744 trinae
660 2676 766 2762 plenis
794 2677 863 2741 lere
897 2675 1008 2741 omniu
1037 2673 1079 2739 od
1113 2692 1182 2739 rem
1216 2673 1413 2759 pertinentia
1445 2675 1632 2744 luculenter

522 2781 590 2864 J'em
606 2779 858 2863 disputaverint,
875 2777 1010 2844 brevius
1026 2775 1143 2844 eodem
1163 2794 1302 2844 munere
1322 2795 1383 2844 nos
1403 2777 1538 2866 delungi
1554 2781 1632 2850 licet

526 2881 1634 2974 remqueamplissimumadumbreturostantomincedere.Negle-

527 3009 641 3079 gemus
665 2995 781 3075 poetes
804 2988 861 3075 qui
886 3005 926 3054 ex
949 2985 1129 3054 Homerico
1152 2987 1241 3054 sonte
1264 2987 1503 3055 sententiarum
1524 3010 1633 3076 quon-

526 3095 645 3165 tumvis
667 3101 795 3182 partem
824 3093 992 3181 petierunt
1014 3110 1198 3178 versusque
1222 3091 1374 3176 Homeri,
1397 3095 1450 3161 vel
1475 3096 1632 3165 subtilius

527 3201 695 3282 redditos,
728 3200 763 3267 in
795 3218 866 3266 rem
896 3217 993 3266 suem
1026 3198 1152 3284 possim
1186 3203 1439 3280 converterunt,
1470 3201 1526 3288 qui
1556 3221 1632 3270 eum

528 3325 633 3394 poene
656 3305 822 3373 innumeri
854 3305 921 3371 sint
947 3301 1076 3393 (omnes
1101 3303 1183 3386 tere,
1211 3309 1247 3370 ut
1270 3303 1314 3370 itu
1342 3303 1469 3388 dicam,
1492 3307 1632 3376 comicis

529 3409 710 3501 exceptis),
741 3417 808 3478 tum
836 3411 1039 3478 immensum
1068 3409 1184 3496 spoliis
1214 3428 1339 3496 aequor
1370 3412 1535 3480 conficere
1565 3433 1633 3482 non

529 3518 623 3585 nobis
652 3518 686 3584 in
716 3517 826 3584 animo
860 3521 924 3584 est.
953 3513 1021 3584 Sed
1050 3515 1085 3582 in
1114 3533 1171 3582 eos
1206 3516 1398 3602 scriptores,
1429 3519 1633 3608 quicumque

529 3643 612 3710 opus
636 3623 774 3690 Homeri
795 3623 896 3689 latine
916 3623 1152 3707 interpretatus
1172 3628 1236 3704 est,
1258 3623 1329 3690 sive
1354 3629 1460 3691 tolum
1482 3645 1632 3711 carmen,

529 3733 585 3795 aut
599 3728 764 3813 integrum
786 3733 821 3793 ut
841 3725 1028 3811 Odysseem
1049 3725 1276 3810 Andronicus,
1295 3733 1353 3794 out
1370 3733 1578 3796 contractum
1601 3739 1636 3802 ut

560 3964 583 4012 l.
598 3963 632 4014 lle
645 3966 808 4028 antiquiorum
824 3965 982 4015 Romanorum
995 3961 1084 4012 studiis
1097 3963 1238 4025 llomcricir,
1249 3965 1361 4027 Berolini,
1377 3967 1447 4017 ttsl.

531 4032 592 4166 ,ὴέ
600 4032 638 4155 1208
640 4035 788 4154 6rqqu'ptorua
801 4035 957 4085 domnorum
974 4047 1050 4097 nsque
1068 4033 1100 4084 od
1119 4034 1248 4098 Verqiliuu
1261 4037 1350 4088 studiis
1363 4037 1508 4101 nautico,
1522 4035 1638 4088 vratisla-
