3886 5158
208 425 311 468 xxxtttt
613 423 654 470 DE
676 423 780 471 lLlADE
803 423 915 472 Lurtxu

208 541 281 608 bit:
305 545 339 606 at
364 539 438 606 sine
463 538 578 621 dubio,
601 541 699 608 simul
727 559 800 608 curn
823 547 911 610 tcxtu
935 557 1065 626 gracco,
1087 539 1254 624 magister,
1277 543 1313 602 nt

207 645 450 714 sententiarum
474 645 597 712 seriem
621 645 862 733 verborumque
888 663 1028 713 aeramen
1051 663 1170 730 pucros
1193 644 1312 710 edocc-

206 757 268 832 rct,
283 751 386 818 latina
401 752 620 820 translatione
637 752 681 818 uli
695 753 833 819 solebat.
846 751 1027 820 Andronici
1040 749 1199 835 Odyssea,
1213 768 1309 834 qrram

207 860 289 926 salis
325 857 395 924 veri
428 857 538 924 simile
569 865 619 925 est
649 859 886 944 discipulorum
919 876 996 942 crgo
1026 858 1189 924 conditam
1218 875 1309 938 esse,

207 964 343 1052 saepius
378 963 581 1050 eligebnlnr;
608 963 666 1030 sed
702 965 799 1030 eliam
834 969 962 1050 poterat
989 964 1145 1049 magister
1171 963 1309 1049 alirpris,

205 1073 313 1138 aliona
338 1070 461 1156 rejecta
485 1069 768 1154 interpretatione,
791 1071 831 1136 ael
853 1087 970 1136 noram
992 1073 1023 1135 et
1046 1089 1138 1136 suam
1159 1069 1309 1155 aggredi3

204 1183 336 1268 poterat
361 1175 493 1242 lalnrlas
519 1174 717 1240 Homericus
744 1194 808 1260 quo
840 1175 966 1241 liranus
996 1194 1052 1242 eas
1081 1177 1238 1242 memoria
1264 1181 1311 1240 te-

206 1291 326 1352 nerent
355 1281 530 1367 discipuli,
561 1279 670 1344 libello
699 1281 798 1346 latine
832 1280 1019 1366 conscripto
1052 1287 1136 1348 totas
1169 1281 1312 1347 breuiter

205 1389 383 1476 complecti
410 1393 456 1468 et,
480 1385 577 1472 qnasi
602 1385 635 1450 in
660 1385 778 1452 tabella
799 1393 943 1467 coactas,
961 1393 1037 1453 ante
1061 1405 1173 1454 eorum
1198 1385 1311 1452 oculos

204 1512 406 1584 preponere.
425 1492 475 1560 Ex
503 1492 576 1577 ipso
604 1490 776 1576 Epitomae
803 1501 935 1559 nostrae
965 1492 1077 1559 babitu
1101 1493 1309 1580 perspicuum

206 1607 257 1670 cet
288 1601 376 1666 bane
410 1597 629 1684 grammatico
660 1603 774 1664 nostro
807 1597 910 1664 luisse
945 1618 1079 1665 calisam
1114 1597 1311 1666 hexametris

204 1707 317 1778 latinis
344 1705 483 1772 Iliadem
510 1705 736 1770 convertendi.
761 1703 865 1786 Nam,
888 1723 961 1770 cum
989 1705 1145 1772 Liuianus
1172 1705 1309 1770 tiberin

205 1814 294 1882 ludis
312 1811 411 1898 pcnrlo
428 1817 503 1896 pust
519 1809 694 1876 Iloralium
712 1810 863 1876 rideatur
877 1811 1070 1893 exolevisse,
1088 1830 1146 1897 pro
1164 1811 1310 1878 carmine

200 1921 271 2006 jam
293 1917 474 1984 veterrimo
500 1921 710 1998 aetatemque
735 1915 820 1981 male
846 1915 970 1982 terente
992 1917 1055 1984 alia
1074 1918 1115 1984 od
1136 1919 1310 2003 explanan-

207 2027 285 2092 tlnm
312 2019 499 2108 Odyssean]
530 2020 811 2086 subministranda
842 2030 936 2088 erant
964 2023 1074 2107 pueris
1100 2024 1240 2102 auxilia;
1272 2040 1311 2088 eo

207 2131 277 2198 lere
299 2131 461 2212 tempore,
476 2125 631 2210 Epitoma
652 2131 765 2191 nostra
785 2125 873 2192 edita
893 2131 943 2193 est
962 2127 1135 2215 locumque
1156 2129 1222 2209 din,
1240 2129 1311 2214 opi-

209 2251 283 2314 nor,
301 2231 334 2298 in
354 2230 479 2298 scholis
499 2229 653 2311 obtinuit,
680 2231 820 2296 sortasse
845 2230 962 2314 donec,
979 2233 1183 2317 aequabilius
1203 2235 1311 2318 ‹lispo-

206 2339 312 2416 ritnc,
346 2335 405 2402 scd
438 2353 515 2402 cnm
545 2334 714 2400 breviores
749 2341 818 2401 tum
848 2336 949 2401 multo
978 2338 1076 2403 etiarn
1105 2339 1308 2424 frigidiores,

208 2439 350 2512 llrrsrmii
367 2438 553 2506 Periochae
569 2438 764 2505 anctoritate
781 2439 1045 2524 praevaluerunt.

254 2545 429 2616 llabcmns
445 2543 547 2632 igitur
561 2545 641 2610 utile
655 2545 716 2610 viri
732 2545 872 2612 modesti
884 2563 967 2631 epus
981 2547 1014 2613 in
1028 2567 1092 2633 quo
1107 2555 1139 2616 et
1154 2549 1310 2617 orationis

209 2661 241 2722 ct
258 2651 306 2720 rei
323 2650 482 2718 metricae
498 2651 674 2718 sinceritas
691 2649 854 2716 laureando
873 2655 934 2717 est.
953 2649 1009 2720 Sic
1024 2653 1220 2722 Homericae
1236 2653 1311 2722 Ilia-

209 2758 260 2826 uis
276 2773 428 2824 summae
440 2774 494 2822 res
506 2773 685 2844 puerorum
701 2754 867 2820 mentibus
881 2756 1011 2841 penitus
1024 2757 1308 2841 inhaerescebanl,

208 2864 257 2932 uie
277 2861 476 2948 opusculum
496 2879 579 2947 pure
599 2859 756 2946 loquendi
770 2860 948 2945 praebebat
964 2863 1111 2948 exempla
1126 2883 1209 2949 quae
1221 2865 1310 2950 jndi-

208 2970 296 3038 eium
323 2965 553 3048 instituerent,
580 2973 740 3050 augerent
765 2965 995 3049 urbanitatem,
1018 2970 1210 3036 memoriam
1238 2971 1310 3040 sine

211 3071 496 3144 uttouetrtrnento
514 3070 760 3140 confirmarent.

254 3177 289 3248 lu
306 3177 394 3266 ‹prroel
408 3175 517 3244 locere
534 3177 734 3249 instituerat.
750 3175 885 3244 italicus
896 3178 985 3246 baud
1000 3179 1044 3245 ita
1060 3181 1144 3248 male
1159 3182 1306 3267 pertenit.

209 3285 294 3370 llnid
311 3282 456 3370 amplius
475 3283 704 3370 postulemus?
720 3281 803 3350 Cum
819 3284 892 3350 aliis
909 3285 1026 3352 otbciis
1045 3286 1118 3372 plus
1138 3307 1256 3374 operae
1272 3307 1311 3356 ac

212 3390 313 3460 utudli
334 3405 435 3476 apuam
460 3387 663 3455 carminibus
683 3388 886 3474 expoliendis
909 3390 1099 3475 impendere
1121 3392 1174 3459 ille
1194 3395 1311 3461 solitus

211 3497 264 3578 uit,
288 3513 354 3562 nrm
376 3499 427 3560 est
447 3492 635 3560 mirandum
662 3492 691 3558 si
716 3511 850 3560 carmen
870 3495 1064 3580 scriptorem
1089 3495 1198 3563 minus
1223 3500 1310 3585 peri-

210 3611 278 3672 tum
300 3597 420 3684 arguit.
439 3597 489 3666 Ne
510 3597 611 3684 igitur
626 3602 756 3682 poetam
776 3599 884 3666 tenuis
907 3599 1030 3686 ingenii
1054 3602 1118 3668 alto
1137 3605 1312 3689 supercilio

208 3709 374 3794 vitnpurce
403 3721 410 3770 τ
439 3707 473 3770 al
495 3702 604 3790 potins
630 3701 754 3768 bomini
776 3704 885 3789 magni
905 3705 1038 3788 laboris,
1062 3708 1216 3793 magistro
1241 3710 1313 3776 elili-

208 3809 403 3902 geutiseimo
430 3807 485 3896 qui
511 3809 552 3876 tle
579 3807 816 3894 discipulorum
839 3811 1020 3878 commodis
1048 3813 1222 3896 consuluit,
1245 3834 1310 3882 nen

209 3935 289 3986 enac
310 3915 415 4004 ipsius
436 3913 561 4001 gloriae
586 3922 642 3980 aut
666 3914 798 3981 utilitati
827 3915 1008 3998 inservivit,
1034 3917 1142 3984 debita
1166 3922 1310 4004 praemia

208 4021 357 4110 persolve
383 4039 390 4088 ε
417 4019 581 4088 excultam
611 4019 766 4104 loquendi
792 4022 1064 4089 consuetudinem
1089 4031 1221 4091 secutus
1246 4033 1308 4106 est,
