3886 5158
990 433 1030 482 DE
1052 433 1156 482 mauu
1177 433 1291 482 canuit
1617 439 1691 482 xbb'll

588 557 756 643 eleganter
775 554 943 622 disseruit.
965 552 1098 620 Leviter
1120 557 1243 636 tamen,
1268 572 1320 620 me
1341 553 1465 637 judice,
1490 555 1540 620 vir
1564 555 1689 622 doctis-

589 663 693 729 simus
714 660 1009 748 reprehendendus
1031 665 1081 726 est
1100 660 1186 745 qnod
1205 679 1222 726 e
1243 659 1411 726 codicibus
1432 661 1482 725 vel
1502 662 1612 746 pravis
1636 663 1687 727 vel

588 769 743 848 incertis,
768 767 1037 852 nurnbergensi,
1066 765 1362 846 Helmestadiensi‚
1390 766 1462 832 aliis
1490 786 1686 852 supervaca-

589 893 685 940 neam
701 873 892 939 varietatem
906 873 1039 958 saepius
1055 873 1256 958 excerpserit
1271 891 1375 958 neque
1390 873 1527 938 eandem
1540 873 1687 940 intexere

588 979 621 1044 in
642 982 834 1064 apparatum
858 996 924 1043 nen
945 978 990 1044 ita
1010 977 1203 1063 productum
1225 977 1434 1042 dubitaverit.

633 1084 827 1150 Baelnunsii
854 1084 1032 1150 editionem
1053 1083 1240 1168 vituperare
1265 1084 1359 1148 laeile
1379 1089 1440 1164 est,
1463 1085 1684 1168 periculosum

588 1194 716 1270 antem,
744 1188 839 1254 nubis
869 1188 1062 1274 praesertim
1093 1187 1148 1272 qui
1177 1195 1366 1274 apparatum
1396 1188 1548 1254 criticam
1574 1211 1593 1256 a
1617 1191 1688 1258 viru

588 1294 780 1361 doctissime
801 1293 987 1359 institutum
1004 1293 1089 1358 bena
1107 1311 1146 1358 ex
1166 1298 1257 1378 patrie
1274 1293 1327 1358 hie
1346 1293 1561 1360 reddidimus.
1579 1295 1687 1362 Nimis

588 1401 721 1486 qriidevn
762 1399 925 1466 Aemilius
963 1399 1134 1466 Baehrens
1173 1399 1212 1466 ad
1251 1400 1470 1483 conjecturam
1510 1402 1684 1486 eerrlugit;

588 1512 730 1573 attamen
752 1526 792 1571 ne
814 1506 962 1592 graviore
986 1524 1064 1572 voee
1080 1505 1170 1572 illum
1187 1505 1337 1591 increpes
1356 1525 1363 1569 :
1381 1505 1476 1571 liceat
1490 1506 1560 1572 viru
1576 1507 1686 1573 eximii

586 1613 708 1698 ingenii
743 1611 908 1678 interdum
942 1611 1064 1697 aliquid
1098 1631 1215 1677 ausum
1251 1630 1344 1693 esse,
1375 1611 1472 1678 liceat
1502 1611 1686 1678 innumeris

587 1719 764 1803 arduisque
794 1717 949 1804 alteribus
978 1717 1101 1783 intento
1130 1717 1295 1783 interdum
1318 1718 1490 1782 erravisse.
1515 1719 1566 1783 hd
1595 1717 1686 1784 ltali-

586 1843 660 1890 eum
692 1823 936 1890 emendandum
967 1822 1054 1889 haud
1084 1822 1223 1902 trustra,
1255 1822 1377 1903 hercle,
1409 1842 1585 1908 aggressus
1614 1829 1682 1902 est;

586 1928 718 1995 cedices
733 1929 802 1994 lere
818 1947 934 1995 amnes
952 1926 1138 1994 accuratius
1155 1927 1307 2005 eontulit;
1326 1925 1399 1992 l.et
1416 1925 1441 1994 Ε
1458 1929 1577 1994 ceteris
1592 1948 1686 2014 prae-

585 2036 673 2100 stare
694 2033 916 2114 cunhrmavit3
940 2030 980 2113 Β,
1006 2031 1053 2116 Μ,
1078 2029 1121 2112 Ν,
1142 2029 1168 2096 ll
1186 2032 1311 2118 primus
1327 2033 1509 2112 recensuit;
1529 2035 1685 2102 nonnulla

585 2137 707 2224 optime
722 2139 875 2220 correxit,
892 2138 968 2205 vide
982 2157 1014 2203 v.
1032 2139 1109 2220 137,
1127 2139 1203 2220 257,
1223 2139 1300 2221 325,
1318 2137 1394 2220 560,
1412 2140 1489 2218 627,
1507 2142 1585 2220 ute,
1604 2144 1682 2223 etc,

584 2246 690 2332 plura,
718 2245 786 2312 sive
808 2245 842 2312 in
863 2248 965 2328 verta,
984 2245 1053 2312 sive
1077 2245 1109 2311 in
1134 2244 1233 2328 netis,
1254 2245 1341 2310 haud
1364 2244 1478 2310 leviter
1497 2245 1684 2330 respuenda

584 2351 736 2435 conjecit.

628 2454 703 2522 Jarn
725 2461 856 2540 praeter
881 2455 955 2523 illus
979 2455 1034 2541 qui
1060 2473 1192 2522 carmen
1217 2461 1365 2522 nostrum
1391 2455 1577 2536 ediderunt,
1599 2474 1684 2522 non·

583 2561 664 2627 nulli
685 2561 726 2627 ad
747 2565 869 2627 textum
891 2559 1076 2626 sanandum
1095 2563 1162 2625 tam
1182 2559 1314 2645 ingenie
1336 2578 1432 2644 quam
1449 2558 1598 2626 doctrina
1615 2560 1684 2627 leli-

583 2667 665 2734 eiter
685 2667 833 2752 aggressi
854 2671 932 2733 sunt
958 2685 966 2732 :
990 2665 1076 2732 inter
1100 2683 1182 2750 ques
1207 2666 1370 2732 nominari
1394 2671 1563 2732 merentur
1587 2665 1680 2753 Higt,

581 2771 753 2840 Juhannes
770 2769 950 2854 Schrader,
964 2770 1085 2838 Petrus
1101 2769 1251 2838 Bondam
1264 2771 1319 2856 qni
1334 2771 1522 2838 numinibus
1537 2773 1681 2859 propriis

465 2941 472 2950 ,
582 2877 796 2944 restituendis
817 2895 951 2963 operam
971 2878 1107 2944 multam
1125 2877 1256 2944 navavit
1271 2881 1294 2956 ¹,
1314 2876 1474 2943 Antonius
1490 2877 1532 2944 de
1547 2878 1640 2964 Ruuy
1656 2887 1679 2956 ²,

581 2981 613 3050 J.
631 3003 694 3048 van
715 2982 773 3048 der
791 2981 926 3050 Dussen
945 2987 969 3064 ³,
990 2981 1090 3050 J.·ll.
1109 2981 1243 3049 Hoeutlt
1256 2987 1279 3064 ⁴,
1298 2981 1434 3051 Carolus
1456 2981 1600 3050 Schenkl
1624 2986 1678 3070 qui

581 3088 841 3156 Laurentianum
864 3087 889 3156 l·'
910 3089 1036 3175 primus
1056 3088 1253 3155 examinavit
1268 3093 1300 3154 et
1315 3087 1488 3172 diligenter
1503 3089 1642 3156 contulit
1653 3093 1677 3156 ⁵.

582 3193 710 3276 Quibus
738 3201 848 3263 autern
878 3193 1081 3262 Ludevicum
1111 3193 1220 3262 Havet
1245 3213 1334 3261 nune
1363 3194 1573 3261 adiciendum
1605 3214 1681 3263 esse

580 3319 678 3368 neme
699 3300 860 3368 dubitabit
879 3301 935 3388 qui
956 3301 989 3367 in
1009 3306 1201 3388 apparatum
1222 3319 1332 3366 meum
1353 3301 1467 3368 ecrrlos
1487 3301 1678 3386 conjecerit.

611 3469 634 3517 l.
650 3467 679 3518 la
698 3468 823 3518 Variacum
837 3468 957 3520 hattonem
970 3469 1039 3520 tibris
1053 3467 1154 3518 duabus
1170 3469 1325 3534 zutphaniae,
1340 3469 1410 3520 1759.

610 3539 635 3588 2.
648 3541 675 3588 ln
690 3538 825 3604 Snieilegts's
840 3541 940 3591 criticis.
949 3539 1070 3601 bardracl,
1082 3541 1152 3590 1771.

610 3609 633 3658 ³.
648 3609 795 3659 Prodi-maus
809 3609 834 3659 ia
849 3611 979 3662 Pindarum
998 3607 1141 3660 Thebanum.
1161 3609 1266 3674 Campis,
1283 3611 1353 3662 1769.

610 3679 634 3728 t.
651 3679 678 3728 ln
693 3679 804 3730 Pericula
818 3679 913 3733 critica.
1003 3723 1005 3728 .

609 3751 633 3800 5.
648 3749 786 3813 zeitschrift
800 3749 844 3814 [dr
857 3752 896 3801 dis
912 3751 1118 3803 osterreichirchrn
1133 3751 1279 3816 Gnnaartca,
1297 3751 1367 3814 1875,
1386 3764 1411 3816 p.
1428 3751 1474 3800 213
1491 3763 1545 3814 sqq.
