3886 5158
234 429 298 471 xbt'l
643 425 682 474 be
704 425 808 474 lleDE
830 425 942 474 burlun

281 542 441 629 Sequitur
458 547 495 610 ut
518 543 559 609 de
581 544 686 611 nostri
712 542 910 610 editionibus
931 559 1035 628 pauca
1058 541 1210 608 adiciam.
1229 541 1338 623 Quae·

236 668 312 715 nam
336 647 436 714 luerit
463 648 631 734 princeps,
661 649 839 716 obscurum
864 653 915 714 cst
940 667 948 713 :
975 647 1224 729 Parmensisne,
1247 666 1337 716 anno

235 757 324 826 lber
340 754 441 835 edita,
459 773 501 819 an
517 759 612 821 vetus
627 755 682 820 illa
699 753 936 821 Florentinum
958 771 1021 838 qua
1037 753 1157 834 nullus,
1176 760 1335 837 quantum

236 859 371 946 quidam
396 861 553 946 cognosci
573 867 693 947 potest,
716 879 822 927 annus
841 859 1028 945 adscriptus
1048 856 1139 926 erat?
1153 860 1236 927 llaec
1257 869 1337 928 sunt

236 967 366 1032 minimi
389 966 562 1032 momenti.
580 964 647 1034 Sed
666 967 765 1052 digna
783 973 833 1033 est
851 984 935 1052 rpuac
955 973 1231 1032 commemoretur
1248 965 1337 1034 Lau·

235 1071 334 1138 rentii
354 1070 520 1137 ,lbstemii
543 1070 656 1154 editio,
677 1070 761 1138 Fani
781 1091 811 1137 a.
835 1070 920 1138 luds
943 1088 1095 1153 excussa,
1117 1088 1134 1135 a
1154 1069 1336 1138 Francirco

236 1175 403 1261 Polyardo
424 1193 454 1240 a.
478 1177 565 1240 ’1515
589 1177 745 1261 repetito;
770 1195 853 1261 quac
874 1176 950 1242 licet
971 1175 1081 1242 multis
1101 1175 1228 1242 laboret
1247 1177 1334 1242 vitiis

236 1283 407 1367 multaque
436 1285 550 1365 aperto
585 1279 668 1345 lalsa
698 1281 871 1365 receperit,
903 1282 987 1347 inter
1020 1282 1171 1366 antiquas
1200 1281 1334 1362 eminet,

237 1407 345 1474 neque
366 1408 383 1454 e
406 1386 546 1456 Luciani
568 1385 707 1454 Mueller
729 1387 889 1452 sententia
909 1405 967 1472 pro
984 1388 1084 1453 nilrilo
1100 1392 1151 1454 est
1170 1386 1333 1454 ducenda.

236 1491 430 1578 Lipsiensos
455 1513 532 1560 vcro
554 1491 831 1577 Basileeusesque
857 1492 900 1557 nil
928 1493 1006 1558 utile
1029 1493 1069 1560 ad
1092 1511 1161 1559 rem
1187 1493 1334 1560 criticam

236 1601 461 1669 contulerunt.

280 1707 325 1774 At
339 1707 372 1774 J.
384 1705 595 1774 Christianus
611 1703 822 1784 Wernsdorl',
836 1704 897 1770 etsi
914 1704 1083 1772 codicibus
1098 1723 1212 1791 parum
1225 1704 1332 1782 bonis,

237 1810 507 1896 Guelferbptonis
532 1799 663 1878 duobus
690 1817 722 1876 ct
750 1809 1047 1891 llalnrestadiensi,
1072 1809 1228 1877 subsidiis
1254 1831 1335 1878 usus

235 1924 287 1986 est
314 1937 483 2005 manuque
513 1918 692 1985 festinante
717 1935 756 1984 ac
782 1917 844 1983 leui
873 1917 1029 1984 nonnulla
1054 1917 1135 2002 egit,
1159 1923 1270 1984 tamen
1295 1918 1335 1984 de

235 2029 362 2102 nostro,
382 2043 458 2090 curn
479 2023 655 2090 emendato
678 2030 746 2089 tum
771 2022 914 2088 breviter
931 2022 1106 2104 illustrato,
1124 2023 1220 2109 longe
1239 2041 1333 2110 prae-

235 2129 359 2195 clarius
375 2147 476 2212 quam
493 2129 548 2213 qui
568 2127 677 2213 ipsum
694 2127 930 2193 antecedorunt
944 2128 1143 2212 promeritus
1160 2134 1222 2194 est.

279 2232 461 2320 Egregium
490 2233 656 2299 Theodori
683 2251 744 2297 van
770 2230 901 2299 llooten
930 2251 1025 2318 opus,
1051 2233 1150 2300 variis
1171 2235 1331 2317 iactatum

235 2340 324 2420 sotis,
338 2339 462 2425 publici
475 2337 561 2423 Juris
576 2335 709 2403 tandem
725 2337 1122 2404 a.1809tecitHenricus
1137 2338 1330 2426 Weytingh.

234 2443 327 2513 Inter
341 2463 399 2510 eos
418 2443 540 2528 quibus
556 2442 672 2509 nititur
690 2441 821 2508 codices
833 2439 1031 2509 Leidensem
1046 2442 1106 2509 Tb.
1124 2462 1186 2509 van
1204 2443 1334 2513 Kooten

235 2551 371 2631 evolvit;
391 2549 474 2616 alios
490 2548 624 2634 quidem
644 2547 780 2613 minoris
796 2547 958 2613 nulliusve
973 2548 1068 2632 pretii
1084 2548 1243 2632 adhibuit,
1261 2549 1334 2618 Vir-

233 2657 411 2742 gilianum,
432 2653 687 2736 Santenianum,
710 2653 1031 2720 Helmestadiensem
1056 2659 1138 2734 etc.;
1160 2656 1219 2723 sed
1238 2673 1327 2724 com·

234 2761 329 2849 plura
345 2761 503 2828 laudabili
519 2759 711 2845 conjectura
735 2759 862 2824 sanavit
881 2758 1037 2844 locosque
1056 2759 1203 2846 Vergilii,
1224 2759 1331 2829 Ovidii
1454 2779 1457 2791 ·

235 2874 268 2934 et
293 2867 436 2934 aliorum
460 2865 634 2952 equibus,
661 2871 817 2951 tanquam
842 2883 881 2931 ex
904 2863 1063 2948 lontibus,
1085 2875 1197 2933 noster
1225 2867 1335 2934 bausit

235 2992 419 3060 versusque
437 2973 576 3040 Homeri
598 2971 653 3037 ubi
674 2971 815 3036 maxima
835 2989 910 3037 cum
927 2971 1031 3038 nostri
1051 2972 1200 3039 versibus
1216 2971 1334 3060 depre·
1425 3043 1428 3050 ,

234 3079 391 3146 lrenditur
411 3077 626 3163 conspiratio,
644 3076 759 3142 sedulo
775 3081 895 3142 etcum
914 3076 1022 3142 lructu
1039 3078 1172 3143 notavit.
1191 3077 1333 3146 Schedis

233 3183 455 3252 Kootenianis
478 3183 647 3249 Henricus
668 3180 847 3268 Weytingh
866 3181 954 3266 quod
979 3181 1099 3265 adjecit
1118 3201 1233 3268 parum
1249 3190 1302 3250 est
1324 3205 1331 3249 :

232 3291 320 3356 baud
338 3298 450 3356 tamen
470 3289 606 3356 omnino
624 3289 751 3354 reicere
767 3287 871 3353 decet.

279 3395 448 3476 Quantum
478 3394 511 3461 in
541 3412 577 3460 re
608 3392 777 3461 Lucienus
810 3391 949 3460 Mueller
981 3392 1167 3478 profecerit,
1194 3395 1332 3480 jamjam

232 3519 273 3567 ex
299 3500 455 3566 omnibus
485 3519 569 3585 quac
598 3500 662 3565 hoc
690 3498 799 3565 libello
823 3497 1062 3583 disputavimus
1092 3499 1172 3565 satis
1198 3501 1331 3568 elucet:

232 3607 287 3673 ille
311 3607 459 3694 quidem,
485 3625 560 3673 oum
581 3605 796 3672 Erfurtanum
820 3604 975 3672 Leidensi
1000 3605 1194 3691 adiunxerit,
1217 3607 1334 3676 lunda-

234 3719 382 3779 mentum
412 3713 565 3780 criticum
593 3730 709 3778 verum
743 3711 923 3791 constituit,
954 3715 1155 3798 cunctasque
1181 3732 1265 3798 quae
1292 3715 1334 3781 ad

232 3823 384 3886 nostrum
400 3819 567 3904 pertinent
582 3819 794 3904 quaestiones
810 3837 909 3884 manu
924 3817 1056 3904 saepius
1073 3817 1263 3886 felicissima
1279 3827 1335 3886 aut

230 3925 385 3991 tractavit
400 3928 458 3992 aut
472 3925 590 3990 saltem
610 3923 727 4009 attigit.
747 3923 885 3989 Tantum
904 3923 1160 3990 emendatiorem
1183 3928 1216 3990 ct
1235 3943 1334 3991 orna-

231 4031 350 4097 tiorem
374 4031 483 4111 dedit;
509 4031 550 4096 de
579 4029 737 4096 carminis
763 4033 881 4110 aetate,
906 4029 1202 4113 vicissitudinibus,
1228 4031 1333 4117 pretio
