3896 5158
746 1238 809 1324 IX

216 1560 359 1628 Attoniti
375 1558 529 1626 Dandum
545 1575 701 1644 proceres
717 1557 907 1626 discrimine
922 1565 1013 1626 tanto

216 1675 287 1743 Nec
302 1674 445 1760 dapibus
462 1675 612 1741 releuant
626 1672 755 1738 uuiurus
772 1692 832 1740 nec
853 1692 990 1762 corpora
1008 1683 1136 1757 curant,

216 1790 284 1858 Sed
301 1791 415 1856 miseri
433 1809 493 1856 suu
510 1791 576 1856 suta
597 1793 744 1874 gemunt.
761 1787 849 1870 Jam,
873 1797 969 1857 nocte
985 1791 1120 1876 recepti,

215 1906 359 1992 Legatos
376 1907 512 1971 mittunt
527 1905 743 1990 dextramque
763 1903 935 1972 hortantur
954 1907 1105 1988 Achillis,

214 2019 260 2088 Ut
272 2019 359 2086 ieret
374 2019 533 2084 auxilium
548 2017 694 2084 miseris.
711 2017 902 2086 Thetideius
917 2020 1016 2088 heros
1254 2020 1321 2085 690

213 2131 285 2198 Nec
299 2129 455 2198 Danaum
471 2131 560 2215 cupit
575 2147 656 2196 nure
676 2147 791 2215 preces
807 2149 869 2198 uec
883 2151 1021 2199 muueru
1037 2134 1124 2218 regis

217 2245 289 2316 dua
305 2245 431 2311 reierrc
450 2243 557 2328 cupit;
575 2260 642 2310 nou
657 2243 749 2310 illurn
766 2245 914 2312 redditus
930 2247 1016 2332 ignis

211 2359 322 2445 Atque
338 2357 463 2424 intucta
479 2376 539 2424 suo
555 2356 683 2424 Briseis
699 2376 836 2444 corpure
852 2361 974 2428 movit:

212 2473 309 2540 Irrita
325 2471 425 2558 legati
446 2473 595 2538 referunt
609 2490 769 2558 response
786 2473 950 2561 Pelasgis.

291 2715 709 2798 Etdcpihuscuruntenirucs
724 2716 839 2798 lenique
855 2739 957 2801 sopore
1258 2714 1318 2778 696

209 2953 351 3010 codices
365 2985 401 2996 -
417 2955 475 3008 Lib.
493 2956 529 3010 lx
548 2954 607 3008 ΕΙ,
626 2956 703 3010 omis.
719 2961 768 3010 cet.
782 2963 795 3026 ΙΙ
813 2957 865 3011 688
880 2965 970 3014 tumen
987 2962 1065 3014 truste
1080 2959 1105 3012 E
1121 2961 1161 3012 sic
1181 2959 1259 3010 truste
1273 2954 1315 3008 lv

278 3041 361 3102 atque
377 3037 458 3088 truste
477 3035 500 3087 B
521 3037 655 3101 hosteque
675 3035 732 3088 LF
752 3039 879 3105 trosttque
897 3038 918 3093 S
938 3053 1000 3093 mox
1020 3042 1098 3093 truste
1118 3037 1201 3091 ceteri
1219 3033 1256 3104 (ct
1276 3034 1316 3086 itu

279 3115 338 3168 cl)
349 3115 387 3180 Τ,
403 3116 433 3168 tn
448 3111 497 3167 doc
514 3117 606 3168 autem
624 3115 702 3169 hoste
717 3129 751 3169 cc
766 3118 836 3170 hosti
851 3116 929 3173 rubr.
942 3117 1051 3172 lineum.
1066 3114 1149 3184 corr.)
1163 3119 1173 3180 t
1189 3111 1313 3179 repulsit

278 3197 391 3260 repulso
404 3195 494 3247 ceteri.
507 3201 521 3262 q
536 3192 589 3246 999
604 3192 725 3264 miseris]
742 3195 842 3251 Dunets
855 3197 883 3252 Y
898 3195 908 3258 ΙΙ
923 3199 1072 3252 ttrettdetus
1083 3198 1110 3250 Α
1120 3201 1149 3249 et
1160 3192 1314 3247 ttridideius

276 3272 341 3326 Get
354 3273 509 3326 thetidtsdl
521 3275 661 3325 uttttcttus
676 3273 696 3328 S
709 3277 823 3329 uttccius
836 3277 859 3329 B
874 3276 987 3330 tettdtus
1000 3275 1041 3346 (ut
1057 3277 1154 3330 tectius
1165 3272 1216 3326 md
1228 3273 1313 3326 comt

276 3349 301 3402 E
317 3357 327 3402 t
342 3351 383 3422 (ir)
399 3351 508 3404 etideus
522 3351 580 3416 fere
594 3352 676 3404 ceter-t
690 3359 699 3419 ΙΙ
717 3351 844 3408 det-732
858 3355 887 3408 tu
902 3356 914 3408 1
930 3353 1037 3410 desunt.
1050 3351 1064 3414 ΙΙ
1079 3353 1131 3408 699
1150 3354 1221 3406 terre
1239 3351 1313 3415 cepit

277 3429 299 3481 L
315 3431 387 3484 terre
406 3432 512 3494 accepit
528 3427 610 3497 (coru.
622 3430 681 3498 md)
701 3431 725 3484 Ε
745 3437 754 3500 ΙΙ
771 3430 835 3502 nou]
855 3447 906 3487 nec
924 3437 998 3488 enirn
1019 3433 1054 3486 G.
1072 3429 1155 3494 11698
1173 3431 1207 3484 dt
1224 3427 1245 3484 S
1260 3429 1314 3482 Aut

275 3510 366 3562 ceteri.
379 3515 393 3578 11
407 3507 460 3561 dut
475 3508 602 3562 muudutu
617 3507 647 3563 S.
665 3512 679 3576 11
694 3510 746 3564 996
761 3513 816 3566 ttec
830 3513 861 3568 S.

233 3673 278 3723 669
294 3674 379 3724 maesti
393 3674 482 3724 deoten
496 3697 526 3710 -
540 3674 591 3724 tam
602 3677 669 3726 nocte
682 3677 769 3741 recepti
783 3679 870 3743 πήρη·
882 3691 938 3730 mcx
953 3679 1021 3730 hoste
1035 3676 1133 3742 repulso
1147 3672 1223 3738 uutqo
1233 3673 1312 3723 umen

201 3741 269 3794 hoste
284 3745 381 3808 repulsu
397 3746 526 3795 susurru.

232 3816 276 3863 699
293 3819 392 3868 Nereius
407 3817 478 3866 herus
491 3816 579 3866 dicutur
596 3816 637 3878 (cs.
654 3819 707 3880 999)
723 3823 747 3871 et
759 3821 890 3873 Thessalus
906 3822 975 3874 iterus
994 3819 1102 3871 Miretur.

231 3885 278 3934 696
289 3887 348 3950 nou]
364 3887 518 3949 nequeenim
538 3888 686 3951 Wernsdurt.

231 3956 276 4004 696
293 3960 372 4020 Atque
388 3958 506 4008 Busdruu
524 3959 549 4006 tu
565 3961 614 4008 uut.

231 4025 345 4076 stitture
358 4029 425 4078 uncis
442 4027 538 4078 inclusit
553 4028 670 4080 ducturi
685 4057 714 4067 -
730 4031 757 4082 iti
778 4031 911 4098 tt'suttupd.
