<?xml version="1.0" encoding="UTF-8"?>
<!DOCTYPE html PUBLIC "-//W3C//DTD XHTML 1.0 Transitional//EN"
    "http://www.w3.org/TR/xhtml1/DTD/xhtml1-transitional.dtd">
<html xmlns="http://www.w3.org/1999/xhtml" xml:lang="en" lang="en">
 <head>
  <title>
</title>
<meta http-equiv="Content-Type" content="text/html;charset=utf-8" />
  <meta name='ocr-system' content='tesseract 3.04.00' />
  <meta name='ocr-capabilities' content='ocr_page ocr_carea ocr_par ocr_line ocrx_word'/>
</head>
<body>
  <div class='ocr_page' id='page_1' title='image "./deitaliciiliasl00plesgoog_0035.png"; bbox 0 0 3886 5158; ppageno 0'>
   <div class='ocr_carea' id='block_1_1' title="bbox 257 435 949 486">
    <p class='ocr_par' dir='ltr' id='par_1_1' title="bbox 257 435 949 486">
     <span class='ocr_line' id='line_1_1' title="bbox 257 435 949 486; baseline 0.003 -2"><span class='ocrx_word' id='word_1_1' title='bbox 257 443 295 484; x_wconf 76' lang='lat' dir='ltr'>xx</span> <span class='ocrx_word' id='word_1_2' title='bbox 649 437 688 484; x_wconf 76' lang='lat' dir='ltr'>1)ss</span> <span class='ocrx_word' id='word_1_3' title='bbox 710 435 814 484; x_wconf 75' lang='lat' dir='ltr'>rumolt</span> <span class='ocrx_word' id='word_1_4' title='bbox 835 435 949 486; x_wconf 71' lang='lat' dir='ltr'>Lurius</span> 
     </span>
    </p>
   </div>
   <div class='ocr_carea' id='block_1_2' title="bbox 249 553 1364 3486">
    <p class='ocr_par' dir='ltr' id='par_1_2' title="bbox 256 553 1364 958">
     <span class='ocr_line' id='line_1_2' title="bbox 258 553 1363 641; baseline -0.002 -17"><span class='ocrx_word' id='word_1_5' title='bbox 258 556 398 625; x_wconf 82' lang='lat' dir='ltr'>Iliadem</span> <span class='ocrx_word' id='word_1_6' title='bbox 415 561 541 636; x_wconf 86' lang='lat' dir='ltr'>noster,</span> <span class='ocrx_word' id='word_1_7' title='bbox 555 555 624 620; x_wconf 85' lang='lat' dir='ltr'>sire</span> <span class='ocrx_word' id='word_1_8' title='bbox 636 555 785 641; x_wconf 82' lang='lat' dir='ltr'>singulos</span> <span class='ocrx_word' id='word_1_9' title='bbox 801 573 918 621; x_wconf 86' lang='lat' dir='ltr'>versus</span> <span class='ocrx_word' id='word_1_10' title='bbox 929 555 1017 622; x_wconf 89' lang='lat' dir='ltr'>sicul</span> <span class='ocrx_word' id='word_1_11' title='bbox 1032 553 1079 622; x_wconf 87' lang='lat' dir='ltr'>M.</span> <span class='ocrx_word' id='word_1_12' title='bbox 1091 555 1233 623; x_wconf 88' lang='lat' dir='ltr'>Tullium</span> <span class='ocrx_word' id='word_1_13' title='bbox 1250 564 1363 623; x_wconf 92' lang='lat' dir='ltr'>nolum</span> 
     </span>
     <span class='ocr_line' id='line_1_3' title="bbox 258 659 1362 746; baseline 0 -18"><span class='ocrx_word' id='word_1_14' title='bbox 258 667 310 730; x_wconf 89' lang='lat' dir='ltr'>est</span> <span class='ocrx_word' id='word_1_15' title='bbox 341 662 475 744; x_wconf 85' lang='lat' dir='ltr'>iecisse,</span> <span class='ocrx_word' id='word_1_16' title='bbox 506 661 663 742; x_wconf 80' lang='lat' dir='ltr'>reddidit,</span> <span class='ocrx_word' id='word_1_17' title='bbox 695 660 883 728; x_wconf 78' lang='lat' dir='ltr'>accuratius</span> <span class='ocrx_word' id='word_1_18' title='bbox 917 679 979 726; x_wconf 88' lang='lat' dir='ltr'>nos</span> <span class='ocrx_word' id='word_1_19' title='bbox 1009 659 1195 746; x_wconf 84' lang='lat' dir='ltr'>indagaturi</span> <span class='ocrx_word' id='word_1_20' title='bbox 1230 680 1362 742; x_wconf 90' lang='lat' dir='ltr'>sumus;</span> 
     </span>
     <span class='ocr_line' id='line_1_4' title="bbox 257 764 1364 854; baseline -0.002 -20"><span class='ocrx_word' id='word_1_21' title='bbox 257 785 366 854; x_wconf 92' lang='lat' dir='ltr'>neque</span> <span class='ocrx_word' id='word_1_22' title='bbox 386 767 499 832; x_wconf 92' lang='lat' dir='ltr'>omnia</span> <span class='ocrx_word' id='word_1_23' title='bbox 520 785 605 852; x_wconf 85' lang='lat' dir='ltr'>quae</span> <span class='ocrx_word' id='word_1_24' title='bbox 619 765 809 848; x_wconf 87' lang='lat' dir='ltr'>Waltlrero,</span> <span class='ocrx_word' id='word_1_25' title='bbox 824 765 959 846; x_wconf 89' lang='lat' dir='ltr'>Eulero,</span> <span class='ocrx_word' id='word_1_26' title='bbox 977 764 1222 848; x_wconf 89' lang='lat' dir='ltr'>Wernsdorlro,</span> <span class='ocrx_word' id='word_1_27' title='bbox 1240 767 1312 833; x_wconf 91' lang='lat' dir='ltr'>aliis</span> <span class='ocrx_word' id='word_1_28' title='bbox 1331 766 1364 833; x_wconf 92' lang='lat' dir='ltr'>in</span> 
     </span>
     <span class='ocr_line' id='line_1_5' title="bbox 256 870 1361 958; baseline -0.001 -18"><span class='ocrx_word' id='word_1_29' title='bbox 256 874 319 940; x_wconf 87' lang='lat' dir='ltr'>lrac</span> <span class='ocrx_word' id='word_1_30' title='bbox 335 892 370 939; x_wconf 88' lang='lat' dir='ltr'>re</span> <span class='ocrx_word' id='word_1_31' title='bbox 387 873 597 958; x_wconf 88' lang='lat' dir='ltr'>placuerunt,</span> <span class='ocrx_word' id='word_1_32' title='bbox 615 889 653 937; x_wconf 87' lang='lat' dir='ltr'>ea</span> <span class='ocrx_word' id='word_1_33' title='bbox 669 871 856 938; x_wconf 85' lang='lat' dir='ltr'>rectissima</span> <span class='ocrx_word' id='word_1_34' title='bbox 878 889 953 936; x_wconf 88' lang='lat' dir='ltr'>csse</span> <span class='ocrx_word' id='word_1_35' title='bbox 975 889 1109 956; x_wconf 84' lang='lat' dir='ltr'><strong>semper</strong></span> <span class='ocrx_word' id='word_1_36' title='bbox 1123 870 1361 956; x_wconf 78' lang='lat' dir='ltr'>iudicabimus.</span> 
     </span>
    </p>

    <p class='ocr_par' dir='ltr' id='par_1_3' title="bbox 249 973 1363 3486">
     <span class='ocr_line' id='line_1_6' title="bbox 300 973 1363 1062; baseline -0.002 -16"><span class='ocrx_word' id='word_1_37' title='bbox 300 978 438 1046; x_wconf 87' lang='lat' dir='ltr'>Primus</span> <span class='ocrx_word' id='word_1_38' title='bbox 468 978 555 1045; x_wconf 88' lang='lat' dir='ltr'>serio</span> <span class='ocrx_word' id='word_1_39' title='bbox 584 977 743 1062; x_wconf 89' lang='lat' dir='ltr'>temporis</span> <span class='ocrx_word' id='word_1_40' title='bbox 768 982 983 1042; x_wconf 86' lang='lat' dir='ltr'>enumeratur</span> <span class='ocrx_word' id='word_1_41' title='bbox 1011 973 1126 1043; x_wconf 81' lang='lat' dir='ltr'>Liuius</span> <span class='ocrx_word' id='word_1_42' title='bbox 1148 975 1363 1045; x_wconf 82' lang='lat' dir='ltr'>Andronicus</span> 
     </span>
     <span class='ocr_line' id='line_1_7' title="bbox 255 1080 1361 1172; baseline -0.005 -18"><span class='ocrx_word' id='word_1_43' title='bbox 255 1085 326 1172; x_wconf 90' lang='lat' dir='ltr'>qui,</span> <span class='ocrx_word' id='word_1_44' title='bbox 344 1085 428 1152; x_wconf 91' lang='lat' dir='ltr'>semi</span> <span class='ocrx_word' id='word_1_45' title='bbox 445 1081 595 1150; x_wconf 88' lang='lat' dir='ltr'>Graecus</span> <span class='ocrx_word' id='word_1_46' title='bbox 611 1101 630 1148; x_wconf 90' lang='lat' dir='ltr'>a</span> <span class='ocrx_word' id='word_1_47' title='bbox 646 1081 806 1149; x_wconf 74' lang='lat' dir='ltr'>Suetonio</span> <span class='ocrx_word' id='word_1_48' title='bbox 822 1081 1007 1168; x_wconf 90' lang='lat' dir='ltr'>appellatus</span> <span class='ocrx_word' id='word_1_49' title='bbox 1024 1085 1046 1162; x_wconf 89' lang='lat'>¹,</span> <span class='ocrx_word' id='word_1_50' title='bbox 1063 1099 1100 1148; x_wconf 90' lang='lat' dir='ltr'>re</span> <span class='ocrx_word' id='word_1_51' title='bbox 1115 1101 1192 1150; x_wconf 87' lang='lat' dir='ltr'>vera</span> <span class='ocrx_word' id='word_1_52' title='bbox 1213 1080 1361 1151; x_wconf 90' lang='lat' dir='ltr'>Graecus</span> 
     </span>
     <span class='ocr_line' id='line_1_8' title="bbox 254 1183 1362 1276; baseline -0.002 -18"><span class='ocrx_word' id='word_1_53' title='bbox 254 1197 288 1258; x_wconf 91' lang='lat' dir='ltr'>et</span> <span class='ocrx_word' id='word_1_54' title='bbox 303 1197 400 1276; x_wconf 81' lang='lat' dir='ltr'>geute</span> <span class='ocrx_word' id='word_1_55' title='bbox 417 1189 478 1254; x_wconf 76' lang='lat' dir='ltr'>latit</span> <span class='ocrx_word' id='word_1_56' title='bbox 499 1193 532 1254; x_wconf 89' lang='lat' dir='ltr'>ct</span> <span class='ocrx_word' id='word_1_57' title='bbox 550 1185 683 1272; x_wconf 83' lang='lat' dir='ltr'>ingenio</span> <span class='ocrx_word' id='word_1_58' title='bbox 700 1185 830 1252; x_wconf 89' lang='lat' dir='ltr'>videtur</span> <span class='ocrx_word' id='word_1_59' title='bbox 850 1187 966 1252; x_wconf 74' lang='lat' dir='ltr'>lauisse.</span> <span class='ocrx_word' id='word_1_60' title='bbox 986 1183 1171 1272; x_wconf 85' lang='lat' dir='ltr'>Odysseam</span> <span class='ocrx_word' id='word_1_61' title='bbox 1188 1207 1285 1255; x_wconf 86' lang='lat' dir='ltr'>versu</span> <span class='ocrx_word' id='word_1_62' title='bbox 1302 1186 1362 1256; x_wconf 91' lang='lat' dir='ltr'>Sa·</span> 
     </span>
     <span class='ocr_line' id='line_1_9' title="bbox 255 1290 1361 1379; baseline -0.001 -17"><span class='ocrx_word' id='word_1_63' title='bbox 255 1296 366 1362; x_wconf 92' lang='lat' dir='ltr'>turnio</span> <span class='ocrx_word' id='word_1_64' title='bbox 387 1295 549 1379; x_wconf 83' lang='lat' dir='ltr'>integram</span> <span class='ocrx_word' id='word_1_65' title='bbox 573 1290 717 1358; x_wconf 82' lang='lat' dir='ltr'>reddidit</span> <span class='ocrx_word' id='word_1_66' title='bbox 740 1309 864 1376; x_wconf 90' lang='lat' dir='ltr'>perque</span> <span class='ocrx_word' id='word_1_67' title='bbox 885 1293 1016 1379; x_wconf 82' lang='lat' dir='ltr'>longam</span> <span class='ocrx_word' id='word_1_68' title='bbox 1038 1297 1180 1359; x_wconf 90' lang='lat' dir='ltr'>aetatem</span> <span class='ocrx_word' id='word_1_69' title='bbox 1206 1311 1225 1358; x_wconf 90' lang='lat' dir='ltr'>a</span> <span class='ocrx_word' id='word_1_70' title='bbox 1249 1295 1361 1378; x_wconf 90' lang='lat' dir='ltr'>pueris</span> 
     </span>
     <span class='ocr_line' id='line_1_10' title="bbox 255 1395 1361 1484; baseline -0.002 -16"><span class='ocrx_word' id='word_1_71' title='bbox 255 1399 404 1468; x_wconf 88' lang='lat' dir='ltr'>romanis</span> <span class='ocrx_word' id='word_1_72' title='bbox 426 1397 609 1484; x_wconf 83' lang='lat' dir='ltr'>legebatur,</span> <span class='ocrx_word' id='word_1_73' title='bbox 628 1401 712 1462; x_wconf 89' lang='lat' dir='ltr'>teste</span> <span class='ocrx_word' id='word_1_74' title='bbox 732 1395 870 1463; x_wconf 88' lang='lat' dir='ltr'>Horatio</span> <span class='ocrx_word' id='word_1_75' title='bbox 891 1397 1035 1484; x_wconf 87' lang='lat' dir='ltr'>Epistol.</span> <span class='ocrx_word' id='word_1_76' title='bbox 1059 1397 1105 1481; x_wconf 92' lang='lat'>11,</span> <span class='ocrx_word' id='word_1_77' title='bbox 1129 1419 1150 1481; x_wconf 91' lang='lat' dir='ltr'>r,</span> <span class='ocrx_word' id='word_1_78' title='bbox 1173 1401 1228 1464; x_wconf 83' lang='grc'>69.</span> <span class='ocrx_word' id='word_1_79' title='bbox 1251 1397 1361 1466; x_wconf 90' lang='lat' dir='ltr'>Livia-</span> 
     </span>
     <span class='ocr_line' id='line_1_11' title="bbox 255 1502 1360 1592; baseline 0.001 -21"><span class='ocrx_word' id='word_1_80' title='bbox 255 1525 318 1572; x_wconf 89' lang='lat' dir='ltr'>nac</span> <span class='ocrx_word' id='word_1_81' title='bbox 349 1502 521 1590; x_wconf 76' lang='lat' dir='ltr'>Odysseae</span> <span class='ocrx_word' id='word_1_82' title='bbox 552 1502 737 1588; x_wconf 80' lang='lat' dir='ltr'>fragmenta</span> <span class='ocrx_word' id='word_1_83' title='bbox 766 1508 895 1568; x_wconf 87' lang='lat' dir='ltr'>exstant</span> <span class='ocrx_word' id='word_1_84' title='bbox 928 1522 1035 1588; x_wconf 88' lang='lat' dir='ltr'>pauca</span> <span class='ocrx_word' id='word_1_85' title='bbox 1064 1509 1097 1572; x_wconf 89' lang='lat' dir='ltr'>el</span> <span class='ocrx_word' id='word_1_86' title='bbox 1125 1503 1239 1572; x_wconf 86' lang='lat' dir='ltr'>mutila</span> <span class='ocrx_word' id='word_1_87' title='bbox 1267 1525 1275 1571; x_wconf 91' lang='lat'>:</span> <span class='ocrx_word' id='word_1_88' title='bbox 1304 1506 1360 1592; x_wconf 91' lang='lat' dir='ltr'>qui</span> 
     </span>
     <span class='ocr_line' id='line_1_12' title="bbox 255 1607 1361 1698; baseline -0.001 -20"><span class='ocrx_word' id='word_1_89' title='bbox 255 1612 338 1678; x_wconf 88' lang='lat' dir='ltr'>liber</span> <span class='ocrx_word' id='word_1_90' title='bbox 364 1609 453 1698; x_wconf 93' lang='lat' dir='ltr'>quod</span> <span class='ocrx_word' id='word_1_91' title='bbox 478 1609 600 1693; x_wconf 87' lang='lat' dir='ltr'>injuria</span> <span class='ocrx_word' id='word_1_92' title='bbox 620 1607 779 1692; x_wconf 87' lang='lat' dir='ltr'>temporis</span> <span class='ocrx_word' id='word_1_93' title='bbox 802 1607 869 1674; x_wconf 89' lang='lat' dir='ltr'>lcrc</span> <span class='ocrx_word' id='word_1_94' title='bbox 893 1626 933 1674; x_wconf 89' lang='lat' dir='ltr'>ex</span> <span class='ocrx_word' id='word_1_95' title='bbox 958 1615 1026 1676; x_wconf 91' lang='lat' dir='ltr'>loto</span> <span class='ocrx_word' id='word_1_96' title='bbox 1048 1610 1164 1696; x_wconf 90' lang='lat' dir='ltr'>periit,</span> <span class='ocrx_word' id='word_1_97' title='bbox 1190 1610 1223 1677; x_wconf 94' lang='lat' dir='ltr'>id</span> <span class='ocrx_word' id='word_1_98' title='bbox 1248 1611 1361 1679; x_wconf 88' lang='lat' dir='ltr'>nescio</span> 
     </span>
     <span class='ocr_line' id='line_1_13' title="bbox 255 1712 1361 1801; baseline 0.001 -18"><span class='ocrx_word' id='word_1_99' title='bbox 255 1725 366 1784; x_wconf 83' lang='lat' dir='ltr'>terune</span> <span class='ocrx_word' id='word_1_100' title='bbox 396 1716 585 1782; x_wconf 88' lang='lat' dir='ltr'>luctuosum</span> <span class='ocrx_word' id='word_1_101' title='bbox 614 1712 709 1780; x_wconf 88' lang='lat' dir='ltr'>nobis</span> <span class='ocrx_word' id='word_1_102' title='bbox 736 1713 992 1780; x_wconf 83' lang='lat' dir='ltr'>existimandum</span> <span class='ocrx_word' id='word_1_103' title='bbox 1019 1715 1063 1782; x_wconf 90' lang='lat' dir='ltr'>sit</span> <span class='ocrx_word' id='word_1_104' title='bbox 1090 1734 1188 1801; x_wconf 91' lang='lat' dir='ltr'>quam</span> <span class='ocrx_word' id='word_1_105' title='bbox 1216 1713 1361 1784; x_wconf 83' lang='lat' dir='ltr'>Clarelio</span> 
     </span>
     <span class='ocr_line' id='line_1_14' title="bbox 253 1819 1363 1906; baseline 0.001 -20"><span class='ocrx_word' id='word_1_106' title='bbox 253 1822 629 1903; x_wconf 73' lang='lat' dir='ltr'>viduur231nolestrrm</span> <span class='ocrx_word' id='word_1_107' title='bbox 651 1825 779 1900; x_wconf 91' lang='lat' dir='ltr'>lamcn;</span> <span class='ocrx_word' id='word_1_108' title='bbox 807 1819 946 1900; x_wconf 85' lang='lat' dir='ltr'>etenim,</span> <span class='ocrx_word' id='word_1_109' title='bbox 970 1820 1122 1906; x_wconf 90' lang='lat' dir='ltr'>quamvis</span> <span class='ocrx_word' id='word_1_110' title='bbox 1149 1821 1220 1887; x_wconf 83' lang='lat' dir='ltr'>viro</span> <span class='ocrx_word' id='word_1_111' title='bbox 1241 1821 1363 1887; x_wconf 88' lang='lat' dir='ltr'>doctis·</span> 
     </span>
     <span class='ocr_line' id='line_1_15' title="bbox 253 1925 1360 2014; baseline 0 -20"><span class='ocrx_word' id='word_1_112' title='bbox 253 1929 339 1994; x_wconf 92' lang='lat' dir='ltr'>simo</span> <span class='ocrx_word' id='word_1_113' title='bbox 361 1947 427 1994; x_wconf 94' lang='lat' dir='ltr'>non</span> <span class='ocrx_word' id='word_1_114' title='bbox 450 1933 538 1994; x_wconf 91' lang='lat' dir='ltr'>lotus</span> <span class='ocrx_word' id='word_1_115' title='bbox 558 1926 725 1992; x_wconf 90' lang='lat' dir='ltr'>assentiar</span> <span class='ocrx_word' id='word_1_116' title='bbox 740 1925 795 2010; x_wconf 94' lang='lat' dir='ltr'>qui</span> <span class='ocrx_word' id='word_1_117' title='bbox 816 1925 983 2008; x_wconf 84' lang='lat' dir='ltr'>laudibus,</span> <span class='ocrx_word' id='word_1_118' title='bbox 1002 1926 1126 2008; x_wconf 91' lang='lat' dir='ltr'>hercle,</span> <span class='ocrx_word' id='word_1_119' title='bbox 1143 1927 1360 2014; x_wconf 80' lang='lat' dir='ltr'>amplissimis</span> 
     </span>
     <span class='ocr_line' id='line_1_16' title="bbox 252 2031 1361 2118; baseline 0 -19"><span class='ocrx_word' id='word_1_120' title='bbox 252 2033 484 2099; x_wconf 84' lang='lat' dir='ltr'>Andronicum</span> <span class='ocrx_word' id='word_1_121' title='bbox 518 2031 656 2108; x_wconf 86' lang='lat' dir='ltr'>extulit,</span> <span class='ocrx_word' id='word_1_122' title='bbox 686 2031 775 2097; x_wconf 94' lang='lat' dir='ltr'>haud</span> <span class='ocrx_word' id='word_1_123' title='bbox 807 2039 919 2096; x_wconf 89' lang='lat' dir='ltr'>tamen</span> <span class='ocrx_word' id='word_1_124' title='bbox 948 2037 1038 2098; x_wconf 88' lang='lat' dir='ltr'>recte</span> <span class='ocrx_word' id='word_1_125' title='bbox 1061 2032 1213 2116; x_wconf 87' lang='lat' dir='ltr'>judicare</span> <span class='ocrx_word' id='word_1_126' title='bbox 1243 2033 1361 2118; x_wconf 90' lang='lat' dir='ltr'>opinor</span> 
     </span>
     <span class='ocr_line' id='line_1_17' title="bbox 253 2135 1360 2224; baseline 0.002 -20"><span class='ocrx_word' id='word_1_127' title='bbox 253 2138 379 2223; x_wconf 83' lang='lat' dir='ltr'>rigidos</span> <span class='ocrx_word' id='word_1_128' title='bbox 408 2137 483 2203; x_wconf 95' lang='lat' dir='ltr'>illos</span> <span class='ocrx_word' id='word_1_129' title='bbox 507 2155 666 2203; x_wconf 91' lang='lat' dir='ltr'>censores</span> <span class='ocrx_word' id='word_1_130' title='bbox 692 2136 748 2221; x_wconf 94' lang='lat' dir='ltr'>qui</span> <span class='ocrx_word' id='word_1_131' title='bbox 774 2153 793 2202; x_wconf 93' lang='lat' dir='ltr'>e</span> <span class='ocrx_word' id='word_1_132' title='bbox 818 2135 985 2218; x_wconf 81' lang='lat' dir='ltr'>frustulis,</span> <span class='ocrx_word' id='word_1_133' title='bbox 1013 2137 1100 2222; x_wconf 93' lang='lat' dir='ltr'>apud</span> <span class='ocrx_word' id='word_1_134' title='bbox 1126 2139 1360 2224; x_wconf 84' lang='lat' dir='ltr'>grammaticos</span> 
     </span>
     <span class='ocr_line' id='line_1_18' title="bbox 252 2239 1361 2330; baseline 0.003 -22"><span class='ocrx_word' id='word_1_135' title='bbox 252 2248 389 2330; x_wconf 90' lang='lat' dir='ltr'>propter</span> <span class='ocrx_word' id='word_1_136' title='bbox 408 2241 544 2327; x_wconf 83' lang='lat' dir='ltr'>aliquod</span> <span class='ocrx_word' id='word_1_137' title='bbox 565 2241 730 2326; x_wconf 81' lang='lat' dir='ltr'>glossema</span> <span class='ocrx_word' id='word_1_138' title='bbox 754 2240 881 2322; x_wconf 89' lang='lat' dir='ltr'>relatis,</span> <span class='ocrx_word' id='word_1_139' title='bbox 901 2239 1078 2308; x_wconf 81' lang='lat' dir='ltr'>Liuianum</span> <span class='ocrx_word' id='word_1_140' title='bbox 1101 2245 1269 2329; x_wconf 92' lang='lat' dir='ltr'>proposito</span> <span class='ocrx_word' id='word_1_141' title='bbox 1291 2245 1361 2312; x_wconf 94' lang='lat' dir='ltr'>lau-</span> 
     </span>
     <span class='ocr_line' id='line_1_19' title="bbox 252 2344 1360 2434; baseline 0.002 -20"><span class='ocrx_word' id='word_1_142' title='bbox 252 2347 363 2415; x_wconf 90' lang='lat' dir='ltr'>dabile</span> <span class='ocrx_word' id='word_1_143' title='bbox 380 2366 465 2434; x_wconf 93' lang='lat' dir='ltr'>opus</span> <span class='ocrx_word' id='word_1_144' title='bbox 481 2364 547 2412; x_wconf 92' lang='lat' dir='ltr'>non</span> <span class='ocrx_word' id='word_1_145' title='bbox 563 2345 716 2412; x_wconf 90' lang='lat' dir='ltr'>dubitant</span> <span class='ocrx_word' id='word_1_146' title='bbox 729 2345 952 2411; x_wconf 88' lang='lat' dir='ltr'>condemnare</span> <span class='ocrx_word' id='word_1_147' title='bbox 967 2349 990 2410; x_wconf 83' lang='lat'>³.</span> <span class='ocrx_word' id='word_1_148' title='bbox 1011 2344 1119 2426; x_wconf 87' lang='lat' dir='ltr'>Quam</span> <span class='ocrx_word' id='word_1_149' title='bbox 1139 2355 1250 2414; x_wconf 86' lang='lat' dir='ltr'>autem</span> <span class='ocrx_word' id='word_1_150' title='bbox 1266 2350 1360 2416; x_wconf 88' lang='lat' dir='ltr'>mali·</span> 
     </span>
     <span class='ocr_line' id='line_1_20' title="bbox 252 2449 1359 2532; baseline 0.001 -13"><span class='ocrx_word' id='word_1_151' title='bbox 252 2453 362 2520; x_wconf 83' lang='lat' dir='ltr'>uolam</span> <span class='ocrx_word' id='word_1_152' title='bbox 386 2453 427 2520; x_wconf 93' lang='lat' dir='ltr'>de</span> <span class='ocrx_word' id='word_1_153' title='bbox 452 2451 646 2519; x_wconf 77' lang='lat' dir='ltr'>Andronico</span> <span class='ocrx_word' id='word_1_154' title='bbox 672 2449 872 2516; x_wconf 86' lang='lat' dir='ltr'>seutentiam</span> <span class='ocrx_word' id='word_1_155' title='bbox 900 2449 1013 2517; x_wconf 88' lang='lat' dir='ltr'>tulerit</span> <span class='ocrx_word' id='word_1_156' title='bbox 1037 2449 1193 2532; x_wconf 89' lang='lat' dir='ltr'>Flaccus,</span> <span class='ocrx_word' id='word_1_157' title='bbox 1222 2472 1298 2519; x_wconf 90' lang='lat' dir='ltr'>eum</span> <span class='ocrx_word' id='word_1_158' title='bbox 1326 2454 1359 2520; x_wconf 90' lang='lat' dir='ltr'>in</span> 
     </span>
     <span class='ocr_line' id='line_1_21' title="bbox 252 2555 1361 2642; baseline 0 -18"><span class='ocrx_word' id='word_1_159' title='bbox 252 2558 358 2640; x_wconf 90' lang='lat' dir='ltr'>illum,</span> <span class='ocrx_word' id='word_1_160' title='bbox 370 2559 404 2624; x_wconf 96' lang='lat' dir='ltr'>in</span> <span class='ocrx_word' id='word_1_161' title='bbox 418 2557 571 2624; x_wconf 87' lang='lat' dir='ltr'>versibus</span> <span class='ocrx_word' id='word_1_162' title='bbox 586 2555 747 2642; x_wconf 87' lang='lat' dir='ltr'>epistulae</span> <span class='ocrx_word' id='word_1_163' title='bbox 761 2572 861 2642; x_wconf 90' lang='lat' dir='ltr'>supra</span> <span class='ocrx_word' id='word_1_164' title='bbox 875 2555 1042 2638; x_wconf 88' lang='lat' dir='ltr'>laudatae,</span> <span class='ocrx_word' id='word_1_165' title='bbox 1056 2557 1239 2623; x_wconf 86' lang='lat' dir='ltr'>mansuetis</span> <span class='ocrx_word' id='word_1_166' title='bbox 1250 2557 1361 2624; x_wconf 84' lang='lat' dir='ltr'>verbis</span> 
     </span>
     <span class='ocr_line' id='line_1_22' title="bbox 252 2661 1359 2747; baseline -0.001 -16"><span class='ocrx_word' id='word_1_167' title='bbox 252 2665 360 2731; x_wconf 93' lang='lat' dir='ltr'>ironia</span> <span class='ocrx_word' id='word_1_168' title='bbox 388 2663 442 2730; x_wconf 87' lang='lat' dir='ltr'>vel</span> <span class='ocrx_word' id='word_1_169' title='bbox 469 2661 657 2729; x_wconf 88' lang='lat' dir='ltr'>urbanitate</span> <span class='ocrx_word' id='word_1_170' title='bbox 682 2680 763 2728; x_wconf 91' lang='lat' dir='ltr'>usus</span> <span class='ocrx_word' id='word_1_171' title='bbox 787 2662 841 2742; x_wconf 92' lang='lat' dir='ltr'>sil,</span> <span class='ocrx_word' id='word_1_172' title='bbox 866 2679 984 2747; x_wconf 94' lang='lat' dir='ltr'>parum</span> <span class='ocrx_word' id='word_1_173' title='bbox 1008 2661 1043 2727; x_wconf 95' lang='lat' dir='ltr'>in</span> <span class='ocrx_word' id='word_1_174' title='bbox 1067 2679 1104 2728; x_wconf 91' lang='lat' dir='ltr'>re</span> <span class='ocrx_word' id='word_1_175' title='bbox 1127 2679 1220 2740; x_wconf 90' lang='lat' dir='ltr'>curo,</span> <span class='ocrx_word' id='word_1_176' title='bbox 1243 2663 1359 2730; x_wconf 91' lang='lat' dir='ltr'>eadem</span> 
     </span>
     <span class='ocr_line' id='line_1_23' title="bbox 252 2765 1362 2850; baseline -0.001 -12"><span class='ocrx_word' id='word_1_177' title='bbox 252 2771 419 2838; x_wconf 89' lang='lat' dir='ltr'>adductus</span> <span class='ocrx_word' id='word_1_178' title='bbox 434 2768 563 2835; x_wconf 85' lang='lat' dir='ltr'>ratione</span> <span class='ocrx_word' id='word_1_179' title='bbox 578 2785 618 2834; x_wconf 90' lang='lat' dir='ltr'>ac</span> <span class='ocrx_word' id='word_1_180' title='bbox 637 2766 808 2834; x_wconf 88' lang='lat' dir='ltr'>Victorius</span> <span class='ocrx_word' id='word_1_181' title='bbox 825 2765 948 2846; x_wconf 89' lang='lat' dir='ltr'>Clavel,</span> <span class='ocrx_word' id='word_1_182' title='bbox 968 2767 1065 2850; x_wconf 78' lang='lat' dir='ltr'>cuius</span> <span class='ocrx_word' id='word_1_183' title='bbox 1081 2767 1181 2834; x_wconf 88' lang='lat' dir='ltr'>verba</span> <span class='ocrx_word' id='word_1_184' title='bbox 1195 2768 1292 2836; x_wconf 86' lang='lat' dir='ltr'>liceat</span> <span class='ocrx_word' id='word_1_185' title='bbox 1307 2768 1362 2838; x_wconf 89' lang='lat' dir='ltr'>hic</span> 
     </span>
     <span class='ocr_line' id='line_1_24' title="bbox 252 2871 1359 2963; baseline -0.002 -21"><span class='ocrx_word' id='word_1_186' title='bbox 252 2875 425 2963; x_wconf 90' lang='lat' dir='ltr'>prolerre:</span> <span class='ocrx_word' id='word_1_187' title='bbox 440 2897 457 2934; x_wconf 80' lang='lat' dir='ltr'>a</span> <span class='ocrx_word' id='word_1_188' title='bbox 472 2871 580 2959; x_wconf 87' lang='lat' dir='ltr'>Saepe</span> <span class='ocrx_word' id='word_1_189' title='bbox 596 2872 631 2938; x_wconf 92' lang='lat' dir='ltr'>lit</span> <span class='ocrx_word' id='word_1_190' title='bbox 647 2879 683 2939; x_wconf 90' lang='lat' dir='ltr'>ul</span> <span class='ocrx_word' id='word_1_191' title='bbox 698 2871 887 2958; x_wconf 87' lang='lat' dir='ltr'>opinionem</span> <span class='ocrx_word' id='word_1_192' title='bbox 902 2871 1013 2938; x_wconf 86' lang='lat' dir='ltr'>verbis</span> <span class='ocrx_word' id='word_1_193' title='bbox 1030 2879 1172 2958; x_wconf 84' lang='lat' dir='ltr'>augeant</span> <span class='ocrx_word' id='word_1_194' title='bbox 1188 2872 1359 2940; x_wconf 91' lang='lat' dir='ltr'>hominum</span> 
     </span>
     <span class='ocr_line' id='line_1_25' title="bbox 252 2975 1360 3063; baseline 0 -16"><span class='ocrx_word' id='word_1_195' title='bbox 252 2981 475 3048; x_wconf 88' lang='lat' dir='ltr'>litteratorum</span> <span class='ocrx_word' id='word_1_196' title='bbox 492 2977 670 3058; x_wconf 90' lang='lat' dir='ltr'>lactiones;</span> <span class='ocrx_word' id='word_1_197' title='bbox 689 2983 722 3043; x_wconf 88' lang='lat' dir='ltr'>et</span> <span class='ocrx_word' id='word_1_198' title='bbox 736 2975 878 3043; x_wconf 86' lang='lat' dir='ltr'>Flaccus</span> <span class='ocrx_word' id='word_1_199' title='bbox 894 2976 979 3063; x_wconf 90' lang='lat' dir='ltr'>ipse,</span> <span class='ocrx_word' id='word_1_200' title='bbox 1003 2977 1053 3042; x_wconf 91' lang='lat' dir='ltr'>vir</span> <span class='ocrx_word' id='word_1_201' title='bbox 1068 2977 1252 3044; x_wconf 88' lang='lat' dir='ltr'>acutissimi</span> <span class='ocrx_word' id='word_1_202' title='bbox 1269 2979 1360 3063; x_wconf 87' lang='lat' dir='ltr'>judi·</span> 
     </span>
     <span class='ocr_line' id='line_1_26' title="bbox 253 3081 1361 3165; baseline -0.001 -12"><span class='ocrx_word' id='word_1_203' title='bbox 253 3087 308 3165; x_wconf 92' lang='lat' dir='ltr'>cii,</span> <span class='ocrx_word' id='word_1_204' title='bbox 335 3103 403 3151; x_wconf 94' lang='lat' dir='ltr'>non</span> <span class='ocrx_word' id='word_1_205' title='bbox 428 3085 501 3150; x_wconf 89' lang='lat' dir='ltr'>sine</span> <span class='ocrx_word' id='word_1_206' title='bbox 531 3083 641 3150; x_wconf 91' lang='lat' dir='ltr'>studio</span> <span class='ocrx_word' id='word_1_207' title='bbox 671 3101 746 3148; x_wconf 88' lang='lat' dir='ltr'>esse</span> <span class='ocrx_word' id='word_1_208' title='bbox 772 3081 903 3148; x_wconf 87' lang='lat' dir='ltr'>videtur</span> <span class='ocrx_word' id='word_1_209' title='bbox 925 3081 961 3148; x_wconf 94' lang='lat' dir='ltr'>in</span> <span class='ocrx_word' id='word_1_210' title='bbox 984 3081 1042 3149; x_wconf 94' lang='lat' dir='ltr'>illo</span> <span class='ocrx_word' id='word_1_211' title='bbox 1072 3083 1252 3150; x_wconf 89' lang='lat' dir='ltr'>certamine</span> <span class='ocrx_word' id='word_1_212' title='bbox 1275 3085 1361 3152; x_wconf 90' lang='lat' dir='ltr'>inter</span> 
     </span>
     <span class='ocr_line' id='line_1_27' title="bbox 251 3185 1358 3274; baseline 0.001 -18"><span class='ocrx_word' id='word_1_213' title='bbox 251 3191 453 3258; x_wconf 88' lang='lat' dir='ltr'>vetustiores</span> <span class='ocrx_word' id='word_1_214' title='bbox 482 3188 752 3273; x_wconf 88' lang='lat' dir='ltr'>recentioresque</span> <span class='ocrx_word' id='word_1_215' title='bbox 775 3187 944 3272; x_wconf 88' lang='lat' dir='ltr'>disputato</span> <span class='ocrx_word' id='word_1_216' title='bbox 969 3192 994 3254; x_wconf 75' lang='lat'>⁸.</span> <span class='ocrx_word' id='word_1_217' title='bbox 1018 3211 1036 3248; x_wconf 87' lang='lat'>»</span> <span class='ocrx_word' id='word_1_218' title='bbox 1062 3185 1201 3256; x_wconf 90' lang='lat' dir='ltr'>Gravior</span> <span class='ocrx_word' id='word_1_219' title='bbox 1226 3189 1358 3274; x_wconf 88' lang='lat' dir='ltr'>quidem</span> 
     </span>
     <span class='ocr_line' id='line_1_28' title="bbox 249 3291 1358 3382; baseline -0.002 -19"><span class='ocrx_word' id='word_1_220' title='bbox 249 3296 354 3382; x_wconf 83' lang='lat' dir='ltr'>judex</span> <span class='ocrx_word' id='word_1_221' title='bbox 378 3295 504 3362; x_wconf 89' lang='lat' dir='ltr'>incedit</span> <span class='ocrx_word' id='word_1_222' title='bbox 522 3292 569 3361; x_wconf 92' lang='lat' dir='ltr'>lll.</span> <span class='ocrx_word' id='word_1_223' title='bbox 591 3291 731 3374; x_wconf 92' lang='lat' dir='ltr'>Tullius,</span> <span class='ocrx_word' id='word_1_224' title='bbox 752 3292 900 3359; x_wconf 86' lang='lat' dir='ltr'>romanis</span> <span class='ocrx_word' id='word_1_225' title='bbox 919 3291 1089 3360; x_wconf 88' lang='lat' dir='ltr'>veteribus</span> <span class='ocrx_word' id='word_1_226' title='bbox 1112 3293 1219 3379; x_wconf 88' lang='lat' dir='ltr'>poetis</span> <span class='ocrx_word' id='word_1_227' title='bbox 1240 3295 1358 3380; x_wconf 79' lang='lat' dir='ltr'>magis,</span> 
     </span>
     <span class='ocr_line' id='line_1_29' title="bbox 253 3398 1361 3486; baseline -0.002 -16"><span class='ocrx_word' id='word_1_228' title='bbox 253 3407 290 3470; x_wconf 91' lang='lat' dir='ltr'>ut</span> <span class='ocrx_word' id='word_1_229' title='bbox 304 3410 421 3468; x_wconf 91' lang='lat' dir='ltr'>notum</span> <span class='ocrx_word' id='word_1_230' title='bbox 437 3406 500 3482; x_wconf 91' lang='lat' dir='ltr'>est,</span> <span class='ocrx_word' id='word_1_231' title='bbox 515 3399 698 3468; x_wconf 88' lang='lat' dir='ltr'>delectatus</span> <span class='ocrx_word' id='word_1_232' title='bbox 715 3417 815 3486; x_wconf 89' lang='lat' dir='ltr'>quum</span> <span class='ocrx_word' id='word_1_233' title='bbox 831 3398 865 3464; x_wconf 93' lang='lat' dir='ltr'>in</span> <span class='ocrx_word' id='word_1_234' title='bbox 881 3417 980 3485; x_wconf 92' lang='lat' dir='ltr'>quem</span> <span class='ocrx_word' id='word_1_235' title='bbox 996 3399 1123 3466; x_wconf 85' lang='lat' dir='ltr'>alienae</span> <span class='ocrx_word' id='word_1_236' title='bbox 1139 3417 1218 3486; x_wconf 79' lang='lat' dir='ltr'>erga</span> <span class='ocrx_word' id='word_1_237' title='bbox 1232 3399 1361 3469; x_wconf 83' lang='lat' dir='ltr'>Andro</span> 
     </span>
    </p>
   </div>
   <div class='ocr_carea' id='block_1_3' title="bbox 254 3633 1364 4120">
    <p class='ocr_par' dir='ltr' id='par_1_4' title="bbox 285 3633 716 3699">
     <span class='ocr_line' id='line_1_30' title="bbox 285 3633 716 3699; baseline -0.016 -11"><span class='ocrx_word' id='word_1_238' title='bbox 285 3640 309 3688; x_wconf 89' lang='lat' dir='ltr'>t.</span> <span class='ocrx_word' id='word_1_239' title='bbox 324 3637 443 3696; x_wconf 75' lang='lat' dir='ltr'>Somou..</span> <span class='ocrx_word' id='word_1_240' title='bbox 457 3633 676 3699; x_wconf 65' lang='lat' dir='ltr'>depromentes,</span> <span class='ocrx_word' id='word_1_241' title='bbox 694 3635 716 3682; x_wconf 88' lang='lat' dir='ltr'>l.</span> 
     </span>
    </p>

    <p class='ocr_par' dir='ltr' id='par_1_5' title="bbox 285 3701 1362 3769">
     <span class='ocr_line' id='line_1_31' title="bbox 285 3701 1362 3769; baseline 0 -11"><span class='ocrx_word' id='word_1_242' title='bbox 285 3709 309 3759; x_wconf 78' lang='lat'>2.</span> <span class='ocrx_word' id='word_1_243' title='bbox 326 3708 452 3758; x_wconf 80' lang='lat' dir='ltr'>l’rcromus</span> <span class='ocrx_word' id='word_1_244' title='bbox 471 3705 577 3766; x_wconf 69' lang='lat' dir='ltr'>muer,</span> <span class='ocrx_word' id='word_1_245' title='bbox 590 3703 625 3754; x_wconf 75' lang='lat' dir='ltr'>Be</span> <span class='ocrx_word' id='word_1_246' title='bbox 637 3703 673 3753; x_wconf 90' lang='lat' dir='ltr'>ll.</span> <span class='ocrx_word' id='word_1_247' title='bbox 690 3701 720 3752; x_wconf 81' lang='grc' dir='ltr'>Τ.</span> <span class='ocrx_word' id='word_1_248' title='bbox 738 3701 850 3754; x_wconf 69' lang='lat' dir='ltr'>ciceron</span> <span class='ocrx_word' id='word_1_249' title='bbox 865 3702 1010 3756; x_wconf 66' lang='lat' dir='ltr'>&amp;morum</span> <span class='ocrx_word' id='word_1_250' title='bbox 1017 3704 1154 3769; x_wconf 78' lang='lat' dir='ltr'>interprete.</span> <span class='ocrx_word' id='word_1_251' title='bbox 1172 3705 1280 3768; x_wconf 79' lang='lat' dir='ltr'>Parisiis,</span> <span class='ocrx_word' id='word_1_252' title='bbox 1291 3707 1362 3768; x_wconf 72' lang='lat' dir='ltr'>lsslld,</span> 
     </span>
    </p>

    <p class='ocr_par' dir='ltr' id='par_1_6' title="bbox 254 3779 1364 4050">
     <span class='ocr_line' id='line_1_32' title="bbox 273 3779 364 3840; baseline -0.022 -9"><span class='ocrx_word' id='word_1_253' title='bbox 273 3817 279 3831; x_wconf 93' lang='lat'>.</span> <span class='ocrx_word' id='word_1_254' title='bbox 296 3779 311 3829; x_wconf 86' lang='lat'><em>8</em></span> <span class='ocrx_word' id='word_1_255' title='bbox 325 3793 364 3840; x_wconf 90' lang='lat' dir='ltr'>sq.</span> 
     </span>
     <span class='ocr_line' id='line_1_33' title="bbox 255 3793 1364 3910; baseline -0.001 -12"><span class='ocrx_word' id='word_1_256' title='bbox 255 3793 309 3898; x_wconf 67' lang='lat' dir='ltr'>pt.</span> <span class='ocrx_word' id='word_1_257' title='bbox 325 3847 448 3898; x_wconf 84' lang='lat' dir='ltr'>lirianarn</span> <span class='ocrx_word' id='word_1_258' title='bbox 464 3845 683 3910; x_wconf 84' lang='lat' dir='ltr'>interpretationem</span> <span class='ocrx_word' id='word_1_259' title='bbox 698 3844 810 3908; x_wconf 72' lang='lat' dir='ltr'>mribus</span> <span class='ocrx_word' id='word_1_260' title='bbox 823 3844 889 3896; x_wconf 80' lang='lat' dir='ltr'>vitiis</span> <span class='ocrx_word' id='word_1_261' title='bbox 904 3844 1011 3896; x_wconf 84' lang='lat' dir='ltr'>laborare</span> <span class='ocrx_word' id='word_1_262' title='bbox 1024 3846 1087 3896; x_wconf 83' lang='lat' dir='ltr'>haud</span> <span class='ocrx_word' id='word_1_263' title='bbox 1104 3859 1148 3909; x_wconf 70' lang='lat' dir='ltr'>eqo</span> <span class='ocrx_word' id='word_1_264' title='bbox 1164 3845 1263 3906; x_wconf 88' lang='lat' dir='ltr'>inlllior;</span> <span class='ocrx_word' id='word_1_265' title='bbox 1274 3847 1364 3898; x_wconf 84' lang='lat' dir='ltr'>Andro-</span> 
     </span>
     <span class='ocr_line' id='line_1_34' title="bbox 255 3915 1362 3981; baseline -0.002 -13"><span class='ocrx_word' id='word_1_266' title='bbox 255 3918 321 3968; x_wconf 84' lang='lat' dir='ltr'>nicus</span> <span class='ocrx_word' id='word_1_267' title='bbox 340 3917 366 3968; x_wconf 90' lang='lat' dir='ltr'>in</span> <span class='ocrx_word' id='word_1_268' title='bbox 385 3917 477 3981; x_wconf 83' lang='lat' dir='ltr'>aliquot</span> <span class='ocrx_word' id='word_1_269' title='bbox 495 3915 554 3966; x_wconf 84' lang='lat' dir='ltr'>locis</span> <span class='ocrx_word' id='word_1_270' title='bbox 573 3915 669 3966; x_wconf 84' lang='lat' dir='ltr'>Homeri</span> <span class='ocrx_word' id='word_1_271' title='bbox 692 3915 764 3965; x_wconf 79' lang='lat' dir='ltr'>rerba</span> <span class='ocrx_word' id='word_1_272' title='bbox 786 3927 816 3966; x_wconf 88' lang='lat' dir='ltr'>ne</span> <span class='ocrx_word' id='word_1_273' title='bbox 839 3915 987 3967; x_wconf 83' lang='lat' dir='ltr'>intellexisse</span> <span class='ocrx_word' id='word_1_274' title='bbox 1008 3916 1105 3980; x_wconf 88' lang='lat' dir='ltr'>quidem</span> <span class='ocrx_word' id='word_1_275' title='bbox 1125 3917 1217 3967; x_wconf 89' lang='lat' dir='ltr'>monuit</span> <span class='ocrx_word' id='word_1_276' title='bbox 1234 3918 1362 3968; x_wconf 79' lang='lat' dir='ltr'>llomrnsen</span> 
     </span>
     <span class='ocr_line' id='line_1_35' title="bbox 254 3986 955 4050; baseline -0.004 -12"><span class='ocrx_word' id='word_1_277' title='bbox 254 3989 329 4045; x_wconf 74' lang='lat' dir='ltr'>(illel.</span> <span class='ocrx_word' id='word_1_278' title='bbox 346 4003 419 4049; x_wconf 80' lang='lat' dir='ltr'>rom,</span> <span class='ocrx_word' id='word_1_279' title='bbox 434 3988 473 4039; x_wconf 84' lang='lat' dir='ltr'>ab.</span> <span class='ocrx_word' id='word_1_280' title='bbox 488 3987 558 4037; x_wconf 83' lang='lat' dir='ltr'>Alex.</span> <span class='ocrx_word' id='word_1_281' title='bbox 575 3986 669 4047; x_wconf 84' lang='lat' dir='ltr'>transt,</span> <span class='ocrx_word' id='word_1_282' title='bbox 684 3989 704 4035; x_wconf 90' lang='lat' dir='ltr'>t.</span> <span class='ocrx_word' id='word_1_283' title='bbox 719 3986 756 4044; x_wconf 92' lang='lat' dir='ltr'>lll,</span> <span class='ocrx_word' id='word_1_284' title='bbox 772 3997 796 4049; x_wconf 90' lang='lat' dir='ltr'>p.</span> <span class='ocrx_word' id='word_1_285' title='bbox 814 3987 868 4046; x_wconf 74' lang='grc'><strong>193,</strong></span> <span class='ocrx_word' id='word_1_286' title='bbox 884 3987 955 4050; x_wconf 80' lang='lat' dir='ltr'>not).</span> 
     </span>
    </p>

    <p class='ocr_par' dir='ltr' id='par_1_7' title="bbox 286 4056 919 4120">
     <span class='ocr_line' id='line_1_36' title="bbox 286 4056 919 4120; baseline -0.003 -12"><span class='ocrx_word' id='word_1_287' title='bbox 286 4059 312 4112; x_wconf 84' lang='lat' dir='ltr'>t.</span> <span class='ocrx_word' id='word_1_288' title='bbox 331 4059 456 4108; x_wconf 75' lang='lat' dir='ltr'>l&#39;rcronrus</span> <span class='ocrx_word' id='word_1_289' title='bbox 471 4057 579 4117; x_wconf 72' lang='lat' dir='ltr'>Ceam,</span> <span class='ocrx_word' id='word_1_290' title='bbox 594 4069 634 4120; x_wconf 85' lang='lat' dir='ltr'>op.</span> <span class='ocrx_word' id='word_1_291' title='bbox 651 4056 729 4115; x_wconf 76' lang='lat' dir='ltr'>citat,</span> <span class='ocrx_word' id='word_1_292' title='bbox 743 4069 772 4120; x_wconf 89' lang='lat' dir='ltr'>p.</span> <span class='ocrx_word' id='word_1_293' title='bbox 790 4057 814 4117; x_wconf 82' lang='lat'>8,</span> <span class='ocrx_word' id='word_1_294' title='bbox 830 4060 879 4106; x_wconf 91' lang='lat' dir='ltr'>nol.</span> <span class='ocrx_word' id='word_1_295' title='bbox 895 4057 919 4106; x_wconf 76' lang='grc'>3.</span> 
     </span>
    </p>
   </div>
   <div class='ocr_carea' id='block_1_4' title="bbox 0 0 1948 5158">
    <p class='ocr_par' dir='ltr' id='par_1_8' title="bbox 0 0 1948 5158">
     <span class='ocr_line' id='line_1_37' title="bbox 0 0 1948 5158; baseline 0 2"><span class='ocrx_word' id='word_1_296' title='bbox 0 0 1948 5158; x_wconf 95' lang='lat' dir='ltr'> </span> 
     </span>
    </p>
   </div>
  </div>
 </body>
</html>
