3896 5158
192 358 233 421 st
572 378 688 426 rruurcr
710 379 792 428 runs
813 379 928 428 uanus

193 493 302 576 Quem
316 496 434 582 procui
449 501 487 563 ut
499 495 583 563 vidit
597 498 709 564 socius
724 495 892 564 Diomedis
907 497 1033 578 Ulixes,

191 608 406 676 Abdiderunt
421 611 629 678 occultantes
648 630 708 678 sua
721 629 858 697 corpora
872 611 983 678 furtim

191 722 276 790 Post
290 723 415 790 densos
431 723 602 804 fructices,
624 723 702 791 dum
720 743 779 812 spe
793 743 971 810 percussus
985 725 1076 791 inani

190 834 276 902 Tros
292 835 519 903 Eumediades
539 855 638 904 cursu
655 838 867 924 praecederet
878 837 964 921 iilos,
1231 843 1296 908 710

190 947 242 1016 Ne
262 947 361 1015 tacite
376 966 560 1034 oppressus
576 967 726 1034 gressum
742 951 775 1016 in
791 969 851 1018 sua
866 957 973 1018 castra
990 950 1140 1020 referret.

189 1061 275 1130 Post
288 1061 342 1129 ubi
360 1063 542 1130 transierat
556 1061 662 1129 fidens
678 1065 853 1150 animoque
869 1083 1049 1152 manuque,

189 1174 386 1242 Prosituere
402 1173 465 1240 viri
477 1175 702 1260 juvenemque
718 1175 856 1243 evadere
872 1195 969 1244 cursu

192 1285 377 1356 Conantem
394 1286 531 1374 capiunt
545 1285 699 1371 ferroque
714 1305 878 1374 manuque
892 1289 1070 1356 minantur.

190 1399 266 1483 lile,
282 1401 401 1468 timore
418 1418 556 1488 pavens,
578 1425 595 1461 a
612 1399 723 1467 Vitam
744 1401 913 1468 concedite
929 1427 946 1462 o
962 1402 1043 1470 dixit
1231 1407 1295 1472 715

193 1515 302 1584 «Hoc
319 1534 422 1583 unum
439 1515 522 1581 satis
535 1520 606 1596 est;
626 1515 743 1600 quodsi
759 1516 912 1601 perstatis
927 1517 960 1582 in
977 1516 1038 1597 ira,

191 1629 323 1712 eranta
338 1649 378 1698 ex
398 1635 504 1696 morte
520 1647 595 1696 mea
610 1629 746 1716 capietis
762 1629 904 1716 praemia
921 1630 1052 1696 laudis?

191 1745 237 1812 At
252 1745 281 1812 si
297 1763 358 1814 cur
373 1745 505 1811 veniam
523 1744 633 1812 tacitis
648 1745 818 1830 exquiritis
832 1744 956 1812 umbris
975 1765 983 1812 :

193 1859 339 1925 Maxima
354 1859 453 1943 TroJa
468 1858 550 1924 mitri
566 1875 700 1924 currum
717 1859 867 1942 promisit
880 1859 1031 1940 Achillis,

192 1970 228 2040 Si
245 1977 376 2038 vestras
392 1972 539 2058 cepisset
552 1987 646 2056 opes.
664 1969 757 2037 Haeo
771 1971 856 2038 dona
872 1979 1006 2039 secutus
1230 1977 1295 2040 710

191 2081 368 2150 indubios
389 2099 501 2158 casus,
520 2098 632 2147 coram
650 2083 737 2165 quod
752 2083 887 2150 cernitis
901 2083 977 2167 ipsi,

191 2195 312 2264 Inieiix
326 2194 444 2263 cecidi.
462 2193 563 2260 Nunc
576 2211 636 2260 vos
651 2212 710 2279 per
724 2195 859 2261 numina
874 2195 997 2275 divum,

191 2309 260 2378 Per
274 2328 382 2394 mare,
399 2326 460 2394 per
473 2307 561 2376 Ditis
577 2307 698 2374 ductus
713 2308 860 2376 obtestor
878 2310 984 2396 opaci,

190 2425 243 2494 Ne
258 2442 377 2510 rapere
390 2423 478 2490 hanc
490 2422 637 2488 animam
654 2421 777 2488 crudeli
793 2423 894 2490 caede
905 2424 1025 2490 velitis.

192 2538 289 2607 Haec
307 2556 367 2624 pro
383 2554 546 2605 concessa
561 2536 713 2603 referetis
729 2535 815 2603 dona
835 2535 943 2603 salute
959 2557 967 2602 ε
1233 2541 1296 2606 775

193 2651 379 2722 Consilium
395 2651 524 2718 Priami
539 2669 677 2736 remque
692 2667 823 2716 omnem
838 2651 1007 2719 exordiae
1022 2653 1129 2738 gentis

193 2968 246 3025 708
260 2968 431 3025 Addiderunt
450 2967 474 3020 L
492 2966 662 3021 Abdiderant
678 2965 768 3019 ceteri.
785 2969 799 3031 ΙΙ
813 2965 866 3018 709
880 2967 932 3020 Per
944 2967 971 3020 A
990 2965 1052 3037 (Gt)
1075 2976 1085 3038 p
1106 2972 1249 3036 percuisus
1271 2971 1296 3024 Ε

267 3045 462 3118 (οονν.ηι7),ῦ
472 3043 798 3112 progressusscontixus
806 3045 838 3096 B.
847 3045 861 3107 ΙΙ
869 3043 921 3098 710
930 3045 1026 3099 Troius
1036 3049 1197 3102 eumenides
1205 3063 1296 3102 manes

267 3126 414 3198 (troiscos
428 3127 539 3180 iuuenis
549 3123 574 3176 E
585 3121 752 3176 Eumenides
762 3126 812 3176 troi
823 3134 854 3180 ἒ
864 3125 906 3176 ius
915 3121 961 3193 V).
972 3125 1044 3191 11711
1057 3140 1222 3196 oppressum
1232 3129 1295 3180 ΜΝ

268 3211 278 3274 [Ι
304 3217 434 3272 gressum
457 3206 485 3257 in
505 3200 566 3272 sua]
586 3215 714 3268 gressum
729 3215 779 3256 sua
797 3201 857 3254 El.
874 3215 1001 3268 gressum
1018 3204 1053 3257 sd
1069 3199 1119 3258 s'us
1135 3206 1200 3258 HN
1217 3219 1298 3272 gres·

269 3299 319 3339 sus
340 3287 367 3337 tn
388 3284 421 3336 F.
439 3281 524 3344 11717
543 3284 710 3336 transierant
728 3280 775 3334 ddi
795 3280 828 3333 1..
845 3287 859 3349 ΙΙ
873 3279 927 3333 'itt
947 3283 1056 3348 rapiunt
1072 3283 1107 3336 E.
1125 3283 1205 3350 li⁷¹⁶
1223 3285 1299 3352 quod

269 3361 332 3435 (sed
351 3361 413 3433 aad)
431 3363 454 3416 si
469 3372 501 3419 ξ
515 3360 541 3414 Ε
556 3363 598 3414 sic
619 3361 706 3428 (omis.
726 3359 811 3427 quod)
827 3359 859 3415 L.
876 3362 890 3424 ΙΙ
906 3361 958 3414 717
978 3361 1107 3433 praemia]
1127 3377 1242 3418 munera
1256 3365 1295 3418 Y.

271 3440 286 3504 ΙΙ
299 3440 354 3496 718
369 3443 402 3496 at
416 3441 440 3496 B
454 3441 508 3494 Aut
522 3440 580 3506 sere
594 3440 677 3494 ceteri
690 3447 701 3510 p
716 3441 850 3505 promittit
864 3438 936 3493 GV.
952 3439 1028 3502 ursi
1045 3441 1118 3509 quod
1133 3441 1186 3498 LS
1199 3443 1297 3497 cumB

270 3534 341 3590 quos
351 3521 444 3574 cerni.
457 3519 536 3587 11776
549 3519 649 3586 prtamt
663 3531 777 3585 remque
786 3531 894 3571 omnem
907 3532 939 3572 ex
948 3517 1004 3572 ΕΔ
1017 3521 1114 3586 priami
1130 3521 1210 3575 uobis
1225 3536 1299 3576 rem-

269 3613 323 3670 que
334 3599 427 3654 ΒΜΝ
437 3599 538 3666 priami
549 3599 624 3665 regis
633 3595 837 3665 remquervo
847 3597 926 3653 uobis
936 3601 1033 3666 priami
1041 3605 1124 3654 tcum
1135 3615 1251 3668 remque
1264 3601 1297 3657 i..

228 3780 274 3832 718
288 3785 383 3846 pectora
399 3781 508 3834 dturttrr.

228 3853 275 3902 'ttd
290 3853 349 3904 iios
364 3851 484 3904 Sciradsr
494 3851 649 3904 dumsdisdss
663 3851 761 3904 itusttsr
775 3849 915 3904 Eumedidss
928 3851 1045 3906 Scirum
1057 3855 1135 3920 (itiad.
1146 3857 1176 3918 x,
1190 3857 1252 3917 311).

228 3923 276 3974 ars
288 3923 392 3988 quodsiu
404 3923 535 3974 aarum.

229 3995 276 4044 716
289 3993 423 4046 masiliam
439 3993 527 4046 Prieni
541 3997 614 4046 totam
630 4004 727 4058 remam
740 3992 791 4046 ord.
805 4005 828 4057 r.
841 3993 966 4046 itastrm.
