3886 5158
913 457 1215 505 Mummflm
1519 455 1619 500 ’Β

515 573 614 654 bitur,
633 573 831 658 neglexisse.
844 573 997 657 Dimitte,
1011 575 1039 642 si
1057 575 1176 662 placet,
1187 591 1306 640 versus
1322 575 1400 655 390,
1418 575 1496 654 693,
1514 575 1615 654 1232,

515 677 689 765 inquibus
710 680 958 748 exeusationem
981 680 1105 750 habent
1126 679 1269 748 iambica
1293 679 1429 764 quaein
1451 679 1618 764 pyrrichio
1731 747 1735 756 ,

516 785 774 870 omnitempore
798 791 993 853 convertere
1017 786 1124 868 licuit3
1152 785 1280 854 dimitte
1301 801 1435 852 versum
1460 787 1563 867 1389,
1584 783 1617 850 in

516 907 581 973 quo
596 906 743 975 apocope
758 891 983 976 potiusquam
999 891 1200 978 synaloephe
1215 885 1379 976 (666651)
1392 887 1513 954 exoriri
1527 886 1620 954 ride·

516 1000 594 1060 tur:
616 999 743 1060 restant
767 995 880 1080 utique
902 1013 1020 1063 versus
1045 1000 1110 1064 550
1134 994 1321 1084 (066661)
1347 999 1380 1061 ct
1407 995 1496 1060 1380
1522 993 1621 1078 66666·

516 1095 715 1186 sectantis).

561 1202 646 1270 Vide
661 1204 795 1272 666616
813 1209 884 1274 Oro
898 1207 1079 1273 666166
1094 1225 1108 1272 .·
1123 1208 1155 1288 3,
1173 1206 1256 1292 copi
1268 1211 1309 1272 ut
1323 1203 1470 1285 coler·ct,·
1484 1206 1539 1285 20,
1558 1210 1618 1271 tuo

515 1327 606 1390 6556·
622 1314 699 1389 065,
717 1311 940 1390 6116166606
956 1314 1034 1394 625,
1052 1311 1130 1378 stili
1147 1311 1380 1378 immerentis.

560 1414 627 1484 Sed
649 1415 748 1484 etiam
768 1417 926 1484 creticum
948 1417 982 1484 in
1006 1417 1097 1486 brevi
1118 1417 1254 1500 elisum,
1271 1435 1291 1482 a
1310 1433 1375 1503 quo
1397 1413 1617 1502 synaloephes

515 1540 636 1607 genere
662 1521 828 1589 Avienum
853 1523 1005 1591 videmus
1029 1541 1096 1592 non
1120 1523 1335 1606 abstinuisse,
1358 1527 1393 1589 ul
1419 1521 1506 1607 6660
1531 1521 1619 1606 6611-

517 1645 608 1694 mum
628 1647 793 1714 quemque
815 1635 946 1715 poetam
963 1631 996 1696 in
1014 1630 1214 1698 hexametris
1235 1628 1406 1714 dactylicis
1423 1633 1446 1710 ¹,
1466 1627 1511 1694 ita
1531 1625 1619 1712 apud

516 1738 666 1800 nostrum
683 1753 848 1822 nusquam
864 1737 1040 1822 reperitur.
1056 1735 1163 1804 Imuro
1184 1735 1307 1802 erravit
1326 1733 1497 1801 Lucianus
1514 1731 1620 1798 11661-

516 1838 586 1906 ler¹
603 1858 678 1906 curn
699 1841 824 1909 diceret
842 1842 1006 1909 hricnum
1025 1844 1225 1910 ereticorum
1246 1841 1384 1910 elisione
1406 1837 1490 1925 pede
1512 1837 1620 1924 primo

516 1951 550 2012 et
564 1945 677 2030 quinto
700 1947 803 2014 semel
823 1947 875 2014 vel
894 1947 945 2014 bis
966 1954 1094 2014 tantum
1110 1967 1208 2015 usum
1224 1965 1299 2014 csse
1317 1965 1325 2012 :
1347 1950 1466 2030 quater
1481 1943 1569 2009 enim
1586 1943 1619 2008 in

515 2049 687 2138 Perlegesi
703 2053 857 2119 creticam
874 2071 990 2120 vocem
1006 2053 1147 2120 insulae
1161 2059 1259 2140 poeta
1274 2050 1397 2119 elidere
1412 2067 1479 2118 non
1494 2049 1619 2116 veritus

515 2161 568 2224 est
586 2154 629 2244 (v.
647 2159 725 2238 620,
744 2161 820 2240 712,
839 2161 916 2240 730,
934 2157 1025 2247 803).

559 2261 659 2345 Dein,
678 2262 712 2328 in
733 2263 797 2330 tine
818 2263 1013 2345 hexametri,
1032 2263 1168 2332 italicus
1182 2263 1419 2352 polysyllabam
1440 2279 1570 2342 rocem,
1589 2265 1621 2328 et

516 2386 671 2454 graecum
692 2369 826 2454 quidem
846 2371 1083 2457 propriumque
1103 2389 1225 2439 nomen
1242 2371 1333 2458 (750,
1355 2365 1620 2456 1616666666)

516 2475 620 2540 semel
645 2479 773 2542 tanturn
798 2476 986 2558 collocavit;
1010 2475 1275 2564 monosyllabum
1300 2476 1388 2542 haud
1416 2474 1617 2554 encliticam,

516 2580 735 2665 praecedente
750 2581 824 2672 6165
840 2601 940 2668 quam
955 2583 1198 2669 monosyllaba,
1216 2582 1340 2648 nullam
1355 2581 1502 2647 admisit.
1523 2577 1621 2660 Quod

516 2684 612 2770 longe
632 2703 730 2753 secus
750 2693 801 2753 est
815 2688 901 2772 6661
916 2687 1095 2755 Artenam.
1114 2687 1199 2756 Vide
1215 2688 1249 2753 in
1264 2686 1435 2772 Perlegesi
1449 2706 1457 2752 :
1472 2689 1504 2767 0,
1518 2700 1621 2752 6666

515 2791 759 2873 animantum·
775 2795 808 2874 9,
822 2795 1088 2880 0666666666·
1101 2796 1156 2872 19,
1176 2793 1340 2860 666661
1353 2793 1423 2874 616·
1439 2794 1495 2873 90,
1506 2787 1622 2878 porri·

515 2896 682 2983 qr'turque
688 2917 703 2978 ,·
714 2899 791 2977 100,
798 2899 1091 2986 principiumque
1095 2923 1110 2978 ;
1121 2902 1197 2980 311,
1207 2898 1378 2966 Italidum
1394 2898 1446 2979 6,·
1459 2899 1536 2979 318,
1550 2894 1622 2962 eri-

514 3003 702 3089 qiturque;
716 3005 793 3086 391,
815 3003 940 3072 tellure
960 3006 1155 3090 6666665,
1172 3007 1249 3088 723,
1272 3005 1369 3072 sedes
1392 3003 1621 3080 66666666·

515 3109 594 3185 863,
611 3109 742 3193 pubem
761 3109 996 3194 populorum·
1015 3113 1115 3192 1255,
1138 3109 1275 3195 dement
1300 3109 1499 3195 reqionum.
1524 3103 1620 3173 Mitto

516 3231 649 3280 versum
672 3217 737 3286 670
759 3215 836 3300 6616
858 3215 894 3281 16
916 3233 1072 3302 graecum
1098 3233 1220 3282 nomen
1244 3215 1333 3283 eadit
1349 3233 1357 3281 :
1375 3214 1513 3299 6166661
1532 3214 1621 3297 Ery·
1691 3237 1693 3242 ·

515 3320 714 3386 6661066.

560 3422 648 3509 Jnnr,
666 3431 703 3493 ut
717 3425 758 3492 nd
774 3425 838 3493 alia
854 3433 1075 3523 transeamus,
1092 3445 1166 3494 cum
1178 3427 1212 3493 in
1224 3425 1397 3494 vocabulis
1414 3425 1448 3492 in
1464 3441 1483 3492 o
1500 3441 1622 3491 exeun·

516 3523 616 3610 libus,
637 3531 788 3598 iambicis
808 3531 1007 3616 quibusdam
1030 3550 1106 3600 cum
1127 3531 1297 3599 nonnullis
1321 3531 1454 3599 creticis
1478 3548 1519 3596 ac
1538 3546 1622 3616 pau-

517 3634 661 3702 cissimis
686 3637 759 3703 aliis
782 3638 940 3724 exceptis,
968 3643 1085 3725 poetae
1108 3637 1259 3724 Augusto
1285 3638 1442 3724 aequales
1467 3635 1621 3702 nltimam

515 3740 677 3825 syllabam
698 3761 765 3809 non
786 3743 966 3831 corripiant
983 3743 1084 3830 idque
1104 3743 1227 3831 pariter
1246 3743 1287 3812 ab
1308 3741 1415 3811 Italici
1436 3745 1621 3809 eonsuetu-

517 3845 594 3913 dine
627 3847 670 3914 sit
702 3848 864 3931 alienum,
897 3849 1047 3917 Avienus
1080 3857 1195 3918 eontra
1228 3849 1493 3934 Pentadiusque,
1526 3863 1621 3913 more

549 4015 571 4062 l.
586 4013 681 4064 Praeter
695 4014 828 4075 lloratinm,
843 4015 867 4065 in
884 4015 978 4067 Satiris.

546 4082 571 4131 2.
586 4081 621 4132 lle
630 4096 657 4133 rs
670 4084 776 4147 metrico,
790 4097 815 4149 6.
831 4085 886 4136 286.
