3886 5158
204 349 289 394 mlii
610 352 650 400 be
672 353 778 402 lleDE
799 349 913 400 LAle'A

251 465 369 532 Restat
388 473 424 532 ut
447 465 488 534 de
514 467 605 536 Attia
628 468 785 538 Labeone
810 485 917 554 pauca
940 465 1158 534 disseramus.
1180 466 1312 534 Etenim
1365 451 1370 460 ’

205 570 292 658 apud
308 571 478 656 Persium,
499 572 601 644 Satin.
619 575 648 660 1,
667 581 701 661 b,
721 575 865 663 legitur:

385 777 428 842 Ne
443 779 514 840 mibi
529 779 701 860 Polydamas
715 787 744 844 et
761 779 899 844 Troiades
907 779 1076 844 'Labeonem

385 865 604 931 Praetulerint?

251 1051 289 1120 In
305 1055 422 1122 eadem
438 1057 553 1140 satira,
570 1075 601 1122 v.
619 1059 662 1124 50
681 1077 688 1122 :

671 1271 729 1315 non
745 1252 792 1314 bie
807 1260 849 1315 est
863 1252 930 1314 llias
943 1253 1003 1314 atti

428 1341 516 1404 Ebria
531 1342 665 1404 veratro?

251 1537 353 1606 Plum
370 1545 480 1606 alitem
498 1557 559 1606 nas
577 1539 674 1606 docet
694 1544 788 1606 setus
804 1537 912 1606 Persii
926 1537 1090 1622 interpres
1106 1538 1162 1624 qui
1179 1537 1220 1605 ad
1239 1556 1315 1604 ser-

207 1664 280 1712 sum
298 1649 317 1718 b
339 1645 421 1712 baec
441 1645 620 1713 adnotabat
644 1666 651 1712 :
676 1645 823 1712 «Labeo
844 1643 1012 1710 transtulit
1032 1641 1136 1710 Iliada
1157 1649 1190 1711 et
1210 1641 1316 1729 Odys-

207 1770 297 1818 seana
322 1751 461 1818 nerlmm
483 1771 522 1819 ex
541 1751 660 1833 serbo,
685 1751 823 1818 ridicule
849 1750 949 1830 satis,
973 1749 1059 1834 qrrod
1079 1749 1179 1815 verba
1205 1751 1315 1836 potius

206 1875 305 1944 quam
329 1876 465 1924 sensum
489 1865 624 1926 secutus
648 1858 702 1924 sit.
723 1883 739 1920 a
758 1857 836 1924 blan·
857 1859 899 1924 ad
921 1876 1054 1926 versum
1074 1860 1116 1923 50
1134 1877 1142 1922 :
1166 1855 1314 1922 «Attius

206 1961 319 2030 Labeo
339 1969 436 2048 poeta
456 1963 609 2031 indoctus
631 1963 693 2030 luit
719 1963 851 2030 illarum
876 1971 1062 2051 temporum
1090 1963 1145 2048 qui
1177 1961 1314 2028 Iliadem

207 2065 345 2134 Homeri
362 2067 515 2134 versibus
534 2068 727 2136 foedissime
741 2071 928 2156 composuit
944 2071 989 2137 ita
1005 2075 1041 2136 ut
1055 2087 1118 2134 nec
1132 2069 1204 2154 ipse
1218 2077 1314 2152 poeta

207 2171 426 2238 intellexisset
450 2172 515 2238 nisi
540 2171 711 2240 helleboro
736 2179 986 2258 purgaretur.»
1012 2173 1165 2258 Denique
1188 2173 1221 2238 in
1244 2173 1316 2258 epi·

209 2275 308 2357 stulu,
325 2274 419 2342 Eliae
444 2275 557 2345 Vineti
580 2277 621 2343 ed
646 2276 686 2344 P.
712 2276 887 2344 Danielem
911 2277 1002 2360 data,
1029 2277 1112 2344 haec
1134 2278 1313 2362 leguntur:

211 2405 227 2442 n
244 2379 356 2448 Labeo
372 2387 468 2466 poeta
489 2381 612 2448 latinus
633 2381 705 2464 luit,
724 2386 761 2448 ut
780 2380 977 2467 Fulgentius
998 2383 1031 2447 in
1054 2381 1138 2447 libro
1159 2382 1317 2466 etymolo-

209 2488 336 2574 giarum
371 2487 429 2570 ait,
462 2487 518 2572 qui
554 2505 689 2553 carmen
718 2491 751 2553 et
786 2505 870 2573 opus
904 2486 1120 2554 Homericum
1151 2488 1250 2552 vertit
1282 2487 1315 2552 in

209 2591 345 2658 latinum
363 2596 396 2658 et
412 2591 537 2676 placuit
559 2607 625 2658 non
646 2590 753 2676 magis
774 2589 981 2658 auditoribus
1005 2608 1103 2676 quam
1123 2590 1314 2656 lectoribus.

208 2695 290 2781 Ejus
312 2715 430 2763 versus
445 2700 497 2764 est
513 2715 521 2762 ε

310 2886 441 2951 Crudum
457 2885 614 2950 manduces
628 2887 777 2950 Priamum
792 2886 960 2970 Priamique
973 2887 1111 2969 pisinnus.
1128 2911 1144 2946 a

255 3090 459 3173 Quantulum
479 3091 553 3158 tidei
570 3089 747 3176 Fulgentio
763 3089 975 3158 tribuendum
997 3090 1051 3172 sit,
1071 3108 1169 3156 nemo
1193 3092 1318 3177 estqui

210 3199 349 3266 neseiat.
362 3196 528 3264 Waltberi
543 3201 654 3264 tamen
671 3195 702 3262 in
723 3196 920 3262 sententiam
938 3195 1045 3262 libens
1063 3195 1172 3275 venio,
1191 3196 1317 3263 scilieet

210 3323 284 3372 eum
306 3303 397 3370 nulla
420 3302 463 3370 sit
483 3319 585 3368 eausa
610 3319 670 3370 cur
694 3299 907 3388 Fulgentium
927 3300 982 3368 hio
1002 3301 1180 3368 commenti
1201 3319 1319 3388 argua-

209 3427 296 3492 mus,
321 3426 430 3494 neque
456 3405 640 3474 habeamus
666 3405 769 3472 ullum
802 3405 872 3472 veri
902 3405 1023 3472 similia
1052 3405 1215 3472 coiciendi
1241 3407 1319 3472 lun-

209 3514 415 3594 dementum,
430 3512 535 3579 satius
552 3529 626 3578 esse
639 3511 812 3596 interpreti
827 3511 963 3596 antiquo
979 3510 1116 3578 eredere
1134 3529 1232 3596 quam
1248 3511 1319 3578 ina·

209 3621 264 3688 nie
279 3619 320 3688 de
336 3617 493 3686 Labeone
508 3617 645 3704 fingere.
664 3615 765 3684 Hune
779 3616 880 3702 igilur
893 3633 1027 3682 versum
1039 3615 1215 3683 ridiculum
1231 3618 1320 3684 malo

209 3729 326 3814 poetae
342 3743 409 3792 non
429 3723 645 3792 detrahemus
662 3740 671 3788 ι

310 3931 443 3996 Crudum
457 3929 614 3994 manduces
627 3928 777 3993 Priamum
792 3929 960 4012 Priamique
973 3929 1114 4012 pisinnos,
