3886 5158
950 987 1392 1096 PROOEMIUM

663 1688 750 1770 Quid
771 1690 804 1757 in
829 1692 893 1759 hoc
913 1691 1024 1759 libello
1048 1693 1280 1780 spectaverim,
1298 1693 1414 1780 paucis
1434 1693 1546 1760 uerbis
1567 1690 1724 1759 monebo.

661 1803 780 1871 Exstat
794 1803 875 1872 Ilios
890 1805 1092 1874 hexametris
1106 1807 1217 1872 lutinis
1235 1811 1416 1888 contractu,
1435 1806 1488 1874 cui
1505 1805 1610 1873 salsus
1626 1823 1726 1891 saepe

616 1919 812 1986 inscribitur
833 1919 949 1986 titulus
969 1923 1141 1988 Homerus
1161 1921 1295 1988 latinus
1320 1921 1371 1987 vel
1390 1921 1571 1988 Pindarus
1593 1919 1726 1988 Thebo-

617 2051 699 2114 nus‚
721 2032 832 2098 medio
859 2033 949 2118 quod
974 2033 1095 2100 dicitur
1119 2050 1200 2100 aevo
1226 2033 1260 2098 in
1286 2033 1409 2100 scholis
1434 2033 1614 2120 praelecta,
1637 2050 1727 2099 nunc

618 2147 717 2214 etium
741 2145 830 2214 huurl
851 2163 927 2214 mro
951 2165 971 2214 a
995 2147 1074 2213 viris
1097 2147 1203 2216 doctis
1224 2149 1369 2230 laudata,
1394 2148 1464 2216 sive
1493 2149 1542 2216 rei
1566 2148 1727 2216 metricae

617 2277 708 2346 ergo,
732 2261 802 2327 sive
823 2261 980 2346 quoniam
1001 2261 1088 2328 inter
1110 2265 1159 2329 tot
1180 2262 1320 2330 Homeri
1344 2263 1581 2330 translationes
1606 2263 1727 2329 latinns

617 2373 701 2442 hacc
715 2393 781 2442 unu
798 2375 957 2442 inridium
973 2377 1131 2462 temporis
1151 2377 1277 2464 integro
1299 2377 1409 2445 evicit.
1473 2441 1476 2448 .

661 2488 698 2556 Id
723 2489 857 2575 quidem
879 2509 919 2557 ex
942 2487 1158 2582 ἀκροστιχίοις
1182 2491 1324 2572 duobus,
1342 2491 1462 2577 quibus
1482 2491 1638 2578 Epitomo
1662 2491 1728 2556 ini·
1769 2520 1772 2526 ·

617 2606 698 2673 tium
724 2612 757 2672 et
780 2605 878 2672 finem
906 2607 1006 2692 cupit,
1029 2613 1117 2674 certe
1142 2607 1316 2675 conficitur
1338 2613 1470 2693 poetam
1498 2607 1633 2674 nomine
1657 2605 1726 2674 Ito-

616 2719 717 2788 licum
737 2719 854 2787 fuisse.
871 2719 944 2788 Nec
963 2721 1074 2787 minus
1094 2725 1226 2789 constat
1247 2740 1265 2788 e
1286 2740 1323 2788 re
1343 2720 1482 2788 metrica
1504 2725 1537 2787 et
1558 2738 1727 2806 grammu—
1770 2774 1773 2780 .

617 2833 694 2914 tice,
712 2853 776 2902 nec
796 2851 898 2902 noue
922 2833 1075 2902 versibus
1095 2837 1255 2917 ooo-902,
1273 2837 1350 2917 236,
1370 2837 1448 2916 1183,
1467 2853 1602 2902 curmen
1618 2835 1727 2921 primo

616 2953 692 3034 post
715 2947 886 3016 Christum
921 2953 1034 3016 nutum
1065 2949 1218 3031 soeculo,
1244 2949 1377 3017 Nerone
1406 2949 1555 3016 nondum
1580 2954 1724 3030 mortuo,

617 3062 843 3150 conscriptum
866 3081 954 3130 esse.
977 3063 1071 3144 Quue
1094 3082 1173 3130 vero
1198 3082 1273 3131 cum
1297 3083 1364 3131 non
1388 3063 1434 3130 itu
1459 3063 1584 3130 dudum
1607 3081 1728 3150 propo-

617 3177 678 3245 situ
700 3177 779 3260 sint,
801 3196 911 3264 neque
933 3178 1081 3245 exomni
1105 3183 1200 3264 porte
1219 3177 1359 3245 feliciter
1384 3177 1494 3244 adhuc
1513 3181 1665 3258 tractata,
1684 3177 1726 3244 de

615 3292 657 3359 iis
677 3292 767 3389 iruud
788 3292 934 3359 alienum
955 3291 1032 3359 duni
1052 3292 1097 3360 ita
1113 3311 1230 3359 rursus
1250 3291 1418 3378 inquirere
1438 3297 1475 3358 ut
1494 3291 1582 3377 quod
1597 3295 1726 3358 rectum

616 3399 899 3489 esse'viuebatur,
917 3410 1008 3474 recta
1031 3425 1161 3494 quoque
1182 3407 1236 3472 viu
1255 3405 1423 3492 aperietur
1443 3411 1475 3473 et
1494 3424 1588 3493 spem
1614 3405 1727 3473 eludat

616 3521 864 3602 confutationis,
888 3521 1020 3608 sintque
1049 3521 1083 3588 in
1109 3525 1264 3608 promptu
1289 3520 1381 3587 vario
1409 3519 1604 3607 opinionum
1634 3538 1726 3587 com·
1818 3530 1819 3534 ’

615 3640 727 3702 menta
752 3652 791 3703 ac
814 3635 962 3703 rationes
983 3635 1103 3722 quibus
1126 3635 1260 3702 adducti
1279 3634 1341 3700 viri
1364 3634 1549 3702 doctissimi
1564 3638 1674 3700 tentos
1691 3634 1724 3700 in

616 3766 748 3816 errores
764 3749 843 3816 olim
859 3749 1049 3818 inciderint.

660 3863 811 3931 Italicum
851 3869 1018 3948 nostrum,
1048 3864 1103 3951 qui
1138 3882 1204 3931 uon
1236 3863 1337 3946 idem,
1368 3881 1442 3931 meu
1477 3862 1655 3946 sententio,
1686 3881 1726 3929 oc

615 3976 718 4046 Silius
750 3978 955 4046 Punicorum
990 3979 1152 4066 scriptor,
1188 3979 1247 4046 sed
1286 3977 1523 4066 grammaticus
1561 3977 1624 4044 fuit
1658 3995 1724 4043 nou

707 4091 821 4148 PLESSIS.
843 4104 918 4147 These
933 4105 1008 4148 lutire.
1564 4107 1581 4144 u
