3886 5158
692 1221 847 1297 CAPUT
874 1223 906 1296 ΙΙ

550 1556 593 1606 DE
619 1554 762 1605 PINDARO
788 1553 893 1604 FALSO
918 1553 1045 1604 NOMINE

290 1845 405 1912 Restat
420 1849 455 1910 ut
470 1843 511 1910 dc
532 1841 669 1910 Pindari
691 1842 822 1909 nomine
843 1861 912 1908 ram
935 1862 1070 1928 agamus
1090 1842 1177 1928 quod
1197 1843 1230 1909 in
1253 1841 1345 1908 libris

243 1949 454 2036 quibusdam,
473 1968 548 2015 cum
574 1948 746 2033 impressis
771 1953 839 2014 tum
864 1967 963 2016 manu
991 1949 1135 2036 scriptis,
1156 1949 1196 2016 ad
1213 1965 1344 2016 crucem

243 2055 460 2140 interpretum
491 2053 659 2118 inventum
689 2057 749 2117 cst.
777 2051 816 2118 In
845 2051 1006 2120 Vaticano
1035 2053 1214 2140 Reginensi
1244 2053 1344 2132 1708,

244 2175 342 2241 quem
363 2157 496 2222 saeculo
517 2155 613 2221 tertio
633 2155 684 2221 vel
706 2157 966 2240 quartodecimo
986 2157 1155 2226 Baehrens
1176 2161 1344 2225 exaratum

244 2267 349 2352 putat,
374 2261 419 2327 ita
443 2260 665 2326 inscribitur:
688 2262 820 2346 Incipit
847 2261 934 2329 tica·
951 2263 1103 2349 pindari
1125 2263 1346 2331 translatoris

243 2367 390 2449 domari,
409 2364 695 2450 subscribiturquc
714 2385 721 2430 :

323 2540 466 2604 Pindarus
482 2539 560 2600 hunc
573 2538 680 2601 librum
695 2538 761 2602 iecit
775 2546 897 2602 sectatus
910 2539 1073 2614 homerum,

324 2629 435 2692 Grecus
449 2627 586 2689 homerus
600 2633 671 2702 erat,
688 2627 738 2690 scd
753 2627 890 2708 pindarus
905 2627 965 2710 ipse
979 2627 1095 2690 latinus.

241 2797 400 2864 Necnon
424 2795 457 2861 iu
474 2793 638 2861 Vaticano
657 2793 809 2860 Palatino
829 2795 929 2875 1611,
952 2794 1075 2862 saeculi
1098 2794 1205 2881 quarti
1227 2793 1344 2863 decimi

243 2901 406 2980 exeuntis,
429 2899 549 2985 legitur
563 2899 597 2964 in
613 2899 677 2965 fine
695 2919 702 2964 :

324 3073 474 3136 Pandarus
488 3071 567 3134 hunc
580 3058 678 3134 secum
695 3077 771 3133 trans
785 3079 905 3153 pontum
918 3071 998 3136 uexit
1011 3071 1172 3149 homerum,

326 3163 441 3226 Scilicet
455 3161 590 3242 arpinum
605 3161 683 3224 dedit
697 3179 760 3224 esse
774 3180 875 3242 poema
889 3161 1022 3225 latinum.

241 3333 317 3402 Non
333 3337 385 3400 est
403 3331 553 3414 dubium,
571 3333 607 3398 ut
625 3330 829 3398 Baehrensio
850 3336 938 3397 recte
954 3330 1061 3397 visum
1081 3333 1143 3414 est,
1159 3331 1238 3417 quin
1249 3349 1343 3418 pon·

241 3440 350 3508 daras
372 3441 559 3504 commento
579 3435 704 3502 librarii
724 3435 789 3502 huc
807 3436 993 3522 provenerit
1010 3435 1116 3521 sitque
1132 3436 1344 3522 reponendus

241 3563 259 3612 c
275 3543 479 3613 Santeniano
496 3540 610 3608 codice
626 3541 824 3623 Pindaro&
840 3541 935 3625 cuius
950 3541 1023 3607 libri
1045 3541 1211 3624 facillime,
1229 3561 1344 3628 quam·

240 3651 290 3717 vis
305 3651 479 3730 mutatam,
493 3647 562 3731 jam
584 3647 746 3732 agnovisti
760 3665 859 3732 quam
876 3665 1008 3734 suprae
1026 3648 1228 3735 praefatione
1241 3647 1345 3734 Wey-

239 3755 410 3841 tinghiana
424 3752 613 3838 recepimus
635 3752 888 3838 suscriptionem
912 3771 920 3818 :

319 3927 462 3992 Pindarus
479 3928 556 3988 hunc
571 3945 669 3988 secum
685 3933 763 3988 trans
778 3933 897 4008 pontum
913 3927 993 3991 uexit
1007 3927 1169 4005 homerum,

320 4016 380 4081 Sed
393 4023 597 4098 argumentum
612 4014 688 4078 dedit
702 4033 764 4079 esse
778 4023 860 4098 poeta
875 4015 1008 4080 latinum.
