3886 5158
968 424 1084 474 tremor
1106 424 1188 472 ruins
1211 424 1324 472 uirtus
1683 410 1702 474 9

593 543 640 614 ut
653 542 749 625 mihi,
767 560 854 629 quae
869 542 1015 627 conJunx
1029 542 1121 610 dicor
1136 549 1189 608 tua
1206 559 1356 628 quaeque
1372 543 1497 610 sororis
1637 548 1703 612 100

593 657 700 726 Dulce
716 659 787 725 iero
803 675 939 738 nomen,
958 657 1096 726 dilectos
1111 657 1250 725 tundere
1264 655 1409 725 Achivos

593 771 639 840 Et
656 772 780 841 Troum
798 791 960 840 renovare
975 772 1058 838 velis
1073 771 1106 838 in
1122 772 1247 858 proelia
1261 773 1374 839 vires?

595 884 690 952 Haeo
704 890 739 952 lu
756 885 843 954 dona
860 885 965 952 relers
982 885 1101 952 nobis?
1117 885 1167 952 sio
1181 885 1300 971 diligor
1314 903 1333 950 a
1351 887 1407 951 te?
1426 911 1441 944 n

593 998 730 1066 Talibus
745 999 876 1068 incusat
896 999 994 1067 dictis
1010 999 1093 1066 irniu
1108 999 1289 1066 Tonantem

594 1111 700 1200 Inque
718 1113 825 1182 vicem
846 1115 968 1181 summi
985 1115 1108 1200 petitur
1126 1113 1275 1182 convicia
1291 1114 1390 1200 regis.
1634 1119 1700 1184 105

593 1227 743 1296 Tandem
759 1229 956 1316 interposito
974 1229 1015 1294 lis
1028 1227 1236 1315 Ignipotente
1251 1229 1387 1312 resedit,

593 1341 848 1430 Consiliumque
864 1343 963 1410 simul
980 1343 1109 1430 genitor
1124 1343 1259 1410 dimittit
1274 1341 1457 1432 [Olympo];

591 1456 636 1525 Et
649 1457 790 1544 dapibus
807 1458 872 1525 divi
893 1463 1012 1526 curant
1027 1478 1087 1526 sua
1106 1477 1242 1545 corporo
1259 1458 1374 1545 largis.
1500 1457 1592 1547 [109]

592 1571 676 1640 Inde
696 1578 812 1660 petunt
828 1573 991 1641 thalamos
1003 1554 1214 1662 jocundeque
1234 1574 1320 1641 donn
1341 1573 1472 1659 quietis.
1500 1572 1592 1662 [110]

592 1684 727 1755 Interea
740 1688 790 1754 sol
807 1706 943 1755 emenso
959 1688 1090 1754 decedit
1106 1685 1258 1773 Olympo.
1496 1685 1587 1774 [108]

622 1980 663 2032 Sic
677 1995 761 2032 verno
777 1981 897 2046 disposuit
912 1981 998 2032 llnoel.
1011 2007 1041 2018 —
1051 1983 1094 2030 itii
1108 1985 1130 2032 ei
1143 1983 1188 2030 109
1200 1982 1263 2031 inter
1274 1996 1298 2032 sc
1311 1981 1386 2032 loetum
1396 1984 1488 2031 nictare
1497 1981 1575 2044 jussit
1588 1978 1703 2040 11011101,Ι

590 2051 632 2101 eui
643 2051 763 2102 Baehrens
776 2053 922 2110 anamiim
931 2065 1026 2102 emaum
1041 2053 1086 2101 tte
1100 2052 1182 2102 omui
1197 2053 1242 2102 100
1256 2051 1355 2102 tinette·
1365 2054 1516 2118 praeposuit.

591 2326 646 2380 100
660 2325 739 2381 dicor
753 2332 799 2380 iun
813 2330 933 2382 coniunx
948 2327 984 2382 E.
997 2333 1011 2395 ii
1028 2327 1080 2380 iou
1092 2329 1192 2382 troium
1207 2341 1338 2382 reuocare
1348 2327 1385 2381 Τ.
1398 2327 1412 2390 ΙΙ
1424 2327 1475 2381 103
1491 2325 1531 2397 tu]
1548 2329 1583 2380 ita
1597 2338 1699 2380 omnes.

665 2407 678 2470 ΙΙ
699 2405 751 2460 iuti
770 2409 874 2472 patitur
893 2410 996 2460 summi
1010 2407 1048 2460 Α.
1065 2412 1079 2474 Ι]
1095 2405 1147 2460 100
1166 2409 1353 2473 omnipotente
1368 2406 1465 2461 Tci)
1480 2409 1506 2460 et
1526 2419 1617 2460 omnes
1638 2403 1703 2458 libri

663 2499 748 2538 muttit
771 2487 871 2554 scripti
896 2489 922 2539 et
945 2487 1074 2553 impressi
1096 2485 1171 2554 quod
1198 2485 1367 2552 Wernsdmt
1386 2485 1489 2540 uiderit
1513 2485 1524 2547 ll
1547 2484 1651 2539 recedit
1673 2481 1701 2538 'I'

664 2567 779 2618 recessit
799 2565 838 2618 A.
855 2573 869 2636 Ι]
886 2565 937 2618 107
960 2565 1080 2618 demittit
1097 2566 1160 2620 ΕΑ
1178 2565 1285 2619 dimisit
1303 2565 1357 2620 SI)
1374 2566 1384 2629 ΙΙ
1399 2567 1503 2632 olimpo
1522 2567 1547 2618 E
1560 2565 1596 2632 (et
1614 2564 1638 2617 L
1653 2565 1703 2628 qui

663 2657 691 2696 m
704 2642 716 2696 l
731 2657 803 2697 corr.
815 2643 845 2696 in
855 2643 962 2710 olimpi)
974 2645 1070 2710 olimpi
1085 2643 1167 2697 ceteri
1176 2643 1302 2712 (hoiimpi
1314 2645 1337 2697 it
1350 2641 1466 2710 olimphi
1480 2641 1528 2713 D).
1541 2648 1555 2710 Ι]
1569 2641 1619 2696 toti
1630 2639 1700 2710 divi]

664 2723 722 2776 uini
737 2721 766 2776 A
780 2722 861 2776 danai
877 2723 914 2776 i).
928 2721 1009 2784 11110
1025 2721 1144 2777 iucunda
1159 2722 1218 2775 iti.
1233 2719 1247 2783 ΙΙ
1263 2721 1315 2775 tou
1329 2722 1447 2777 discedit
1461 2723 1488 2777 ‘l'
1504 2721 1649 2777 descendit
1662 2721 1700 2774 ti.

623 2919 670 2969 103
685 2921 747 2970 llaec
762 2923 788 2970 tu
806 2919 950 2984 ll'ornsdorf
961 2920 1063 2972 Haecine
1077 2919 1177 2970 dassen

623 2991 669 3038 iil'l
683 2990 713 3041 tl)
727 2990 781 3042 uult
794 2990 883 3056 vulpe:
898 2993 973 3043 lotum
986 3005 1080 3042 nereum
1094 2991 1204 3055 spurium
1217 2989 1286 3042 iulet
1300 2991 1408 3044 Scitanti.
