3896 5158
195 1665 327 1734 Interea
341 1667 472 1754 maguis
492 1665 711 1732 Acamantem
728 1665 854 1732 uiribus
871 1666 953 1750 sijau

195 1780 373 1864 Interiora,
392 1787 591 1866 rastuurque
608 1781 696 1867 capit
712 1779 884 1846 Menelaus
901 1781 1079 1846 Adrastum

196 1895 240 1963 Et
254 1897 341 1982 rapit
356 1897 398 1962 od
419 1897 545 1963 classes
562 1895 717 1961 manibus
734 1903 807 1982 post
823 1903 911 1982 terga
930 1897 1098 1977 revinctis,
1237 1895 1303 1968 5er

195 2009 242 2079 Ut
254 2010 327 2076 viro
343 2011 445 2076 ducat
460 2011 565 2075 laetos
580 2028 619 2074 ex
634 2009 729 2074 hoste
746 2011 943 2095 triumphos.

195 2121 398 2189 Incumbunt
413 2121 535 2202 Danai,
554 2121 641 2188 cedit
656 2121 798 2204 Trojana
811 2123 968 2205 juventus

194 2235 368 2322 Tergaque
381 2236 471 2302 nuda
489 2236 585 2321 tegit;
602 2237 706 2301 sensit
722 2235 903 2302 Mavortius
919 2235 1055 2316 Hector,

195 2349 263 2416 Pro
277 2349 404 2416 Danais
418 2369 566 2437 pugnare
583 2350 664 2416 deos
680 2349 872 2435 validasque
891 2367 1025 2416 suorum

195 2465 344 2551 Virginis
360 2465 546 2552 armigerae
562 2463 702 2531 subduci
719 2465 853 2530 nurnine
869 2465 968 2548 vires,
1237 2470 1300 2538 5i5

195 2577 430 2665 Continuoque
447 2580 529 2666 petit
542 2597 655 2646 ruuros
673 2577 912 2665 Hecubamque
928 2580 1038 2648 vocari

195 2693 343 2780 Imperat
358 2699 390 2760 et
406 2693 502 2758 dirae
519 2693 643 2778 placari
664 2693 800 2758 numina
817 2694 947 2760 suadet.

195 2805 355 2872 Protinus
376 2811 511 2871 auratas
532 2805 690 2890 innuptae
706 2801 851 2870 Palladis
868 2823 962 2871 arces

196 3101 340 3164 codices
356 3132 391 3142 -
403 3103 462 3156 ru.
473 3101 508 3155 vr
526 3103 708 3169 (omanus.
722 3107 735 3170 ιι
752 3101 802 3156 uro
818 3109 945 3170 posterga
961 3106 984 3158 n
999 3093 1027 3172 ὃ.
1043 3091 1071 3173 ἑ.
1087 3107 1123 3159 u.
1140 3107 1154 3168 t
1170 3106 1217 3160 uu
1235 3109 1301 3160 uuo

267 3184 350 3238 ducat
369 3183 396 3236 Y
417 3186 484 3236 uiuo
509 3181 610 3235 ducant
633 3181 687 3234 ΕΒ
709 3185 774 3235 uiuo
798 3182 935 3236 deducant
955 3185 981 3238 R
1000 3189 1027 3238 ui
1052 3186 1189 3240 deducant
1209 3185 1266 3239 Lu
1275 3187 1302 3239 V

268 3263 304 3330 (E
314 3259 370 3317 m2t
388 3263 415 3313 ui
432 3261 573 3314 dedecunt
584 3261 612 3314 Α
628 3262 688 3329 (qui
704 3262 744 3328 Et,
756 3275 810 3314 non
826 3263 859 3314 Ut
871 3259 959 3322 uaoeu
973 3264 1037 3318 inde
1051 3265 1152 3319 ducant
1167 3265 1303 3318 Bdueont

267 3341 342 3396 auidi
362 3341 394 3394 F.
412 3339 426 3402 ΙΙ
445 3341 497 3394 563
515 3339 593 3410 tegit]
616 3343 716 3406 prema
735 3341 772 3395 Α.
790 3339 803 3401 ΙΙ
820 3339 872 3393 oto
890 3349 1009 3396 armatas
1028 3358 1118 3398 omnes
1133 3348 1143 3410 tl
1164 3347 1264 3398 intacto
1282 3344 1303 3399 S

269 3421 279 3484 ΙΙ
298 3421 353 3474 lios
373 3433 466 3474 corsus
485 3421 512 3472 R
530 3418 695 3473 siccatione
715 3434 724 3472 :
745 3421 873 3474 Protinus
892 3427 1010 3475 orrnatas
1032 3425 1163 3490 innuptae
1187 3425 1303 3489 pattndis

267 3513 344 3554 arces
366 3501 376 3562 tt
397 3501 533 3552 Exornant
556 3499 695 3565 cedesque
718 3512 810 3552 sacros
835 3505 862 3552 et
887 3502 986 3566 templa
1011 3504 1153 3556 mineruae
1170 3507 1180 3568 ιι
1204 3503 1302 3556 iliades

268 3579 390 3633 subeunt
410 3581 488 3630 iestis
508 3579 603 3630 altaria
624 3577 732 3638 sortisti
755 3580 806 3632 Pro
825 3581 897 3632 caris
916 3583 1034 3646 genitrix
1052 3586 1122 3635 uatis
1139 3589 1167 3636 et
1186 3585 1303 3648 coniuge

270 3657 360 3712 tundit
374 3659 383 3720 tt
402 3657 437 3709 Et
452 3657 493 3708 ita
507 3657 536 3708 in
551 3657 589 3722 A,
604 3657 658 3709 nist
674 3656 747 3726 quod
762 3671 858 3712 uersus
876 3657 1011 3714 secundus
1028 3663 1055 3714 et
1074 3661 1168 3715 tertius
1188 3661 1259 3714 iuter
1277 3675 1304 3715 se

269 3735 356 3790 iocum
378 3739 554 3788 mutarerunt
573 3735 681 3804 (caedes
697 3763 730 3775 -
750 3735 863 3806 enoris).

228 3902 273 3951 5⁴5
288 3903 414 3954 armiferae
428 3905 528 3956 iiootea.

228 3971 274 4022 ⁵48
288 3980 384 4024 aureus
394 3973 465 4026 Stork
477 3979 589 4040 arquata
601 3975 700 4026 Mueller
708 3977 733 4026 in
745 3979 810 4027 texto
822 3978 868 4040 (net
879 3981 974 4029 ornatas
983 3979 1008 4027 tn
1017 3980 1076 4041 aot.)
1088 3977 1160 4029 elatas
1171 3979 1300 4029 Baehrens.
