3886 5158
265 338 318 426 xit.
672 377 711 426 bs
733 378 836 426 tblnbss
857 377 971 425 nortun

270 496 326 564 ubi
345 497 454 564 rimer·
470 496 681 578 maritimas,
697 495 864 581 scaligero
879 499 1026 574 auctore,
1048 511 1066 558 a
1083 492 1264 562 Ribbeckio
1281 514 1370 565 rece·

270 612 365 690 ptum
396 608 467 682 est;
495 601 665 670 Lucianus
693 607 802 669 autem
837 601 977 669 Mueller
1004 600 1112 667 rainer
1140 602 1290 689 optimos
1318 605 1369 672 vel

271 712 396 777 rz'mem
411 710 627 796 optz'ssimas,
646 707 757 775 nescio
772 727 814 774 an
829 708 961 788 melius,
979 706 1131 790 coniecit.

315 815 445 883 Exinde
464 816 601 884 verbum
620 815 749 882 rimare
766 815 853 900 quod
873 813 1064 899 ceteroquin
1081 814 1166 880 inter
1181 814 1283 881 latina
1298 815 1371 882 Pri-

272 921 410 988 scianus
426 921 625 988 recensebat
636 927 659 1002 ¹,
677 919 763 1004 apud
779 919 939 1005 quosdam
955 918 1079 985 saeculi
1095 919 1201 1004 quarti
1219 924 1251 986 et
1266 921 1371 1005 quinti

270 1027 454 1113 scriptores
474 1045 592 1093 rursus
612 1029 729 1106 exstat,
748 1043 822 1091 cum
835 1025 903 1108 jam
921 1024 1065 1091 deterior
1084 1028 1172 1091 essct
1187 1025 1369 1092 litterarum

272 1151 486 1198 romanarum
506 1131 657 1198 condicio
679 1149 686 1195 :
708 1149 784 1196 nam
804 1129 912 1196 Julius
932 1129 1086 1196 Valerius
1102 1131 1276 1198 rz'ntobum
1293 1131 1372 1198 seri·

272 1237 351 1325 psit,
370 1255 432 1304 nec
451 1256 518 1302 non
535 1235 693 1303 Sidonius
706 1233 908 1321 Apollinaris
928 1235 962 1301 in
984 1235 1114 1323 septimi
1136 1235 1210 1302 libri
1232 1235 1371 1322 epistula

273 1341 422 1410 secunda
438 1341 603 1408 ’admotis
625 1340 796 1428 participia
812 1341 855 1408 ita
872 1361 953 1408 usus
968 1345 1019 1408 est
1034 1347 1069 1407 ut
1083 1341 1214 1428 passive
1234 1341 1267 1408 id
1289 1341 1374 1409 acci·

273 1447 431 1533 piendum
449 1447 503 1512 sil.

316 1552 363 1619 At
377 1569 468 1632 vcro,
482 1552 510 1616 si
522 1549 771 1618 Laclrmannum
788 1551 902 1618 audire
917 1551 1070 1618 volumus
1081 1559 1105 1634 ³,
1118 1559 1213 1639 poeta
1225 1551 1372 1620 melioris

272 1658 392 1725 aetatis
414 1676 500 1724 tintus
517 1657 651 1742 quidem
671 1657 836 1723 invenitur
855 1657 910 1742 qui
930 1658 1055 1724 formae
1077 1659 1224 1742 ejusdem
1246 1658 1373 1725 submi·

273 1764 394 1830 nistret
413 1762 626 1848 exemplum:
651 1763 776 1828 scilicet
795 1762 881 1848 apud
902 1762 1092 1830 Phaedrum
1107 1764 1140 1829 in
1160 1763 1223 1846 III,
1242 1769 1296 1846 to,
1316 1766 1371 1846 b9,

271 1888 384 1954 neque
400 1887 476 1935 cum
491 1867 667 1935 Dresslero
683 1867 838 1935 ltinosact
858 1868 1082 1950 scribendum,
1101 1887 1207 1955 neque
1222 1868 1373 1955 Bentlcjo

275 1980 410 2041 auctora
438 1975 607 2057 rimatus,
634 1972 691 2038 sed
725 1974 887 2041 ra'ntosact
919 1973 1126 2059 potissimum
1161 1974 1373 2042 doctissimus

273 2079 325 2144 vir
351 2078 533 2145 contendit.
558 2075 826 2160 Lachmannum,
852 2079 998 2165 inquies,
1025 2079 1104 2145 mibi
1124 2080 1280 2167 praebes,
1307 2099 1373 2147 non

273 2182 480 2250 Phaedrum.
506 2181 583 2247 Non
607 2200 667 2266 ego
690 2181 811 2248 infitior
835 2203 843 2248 :
870 2183 931 2248 etsi
959 2181 1209 2252 Lachmannum
1235 2185 1375 2252 feliciter

274 2289 339 2355 hoc
360 2287 593 2354 emendavisse
614 2304 689 2353 cum
714 2284 861 2352 Luciano
883 2287 1023 2354 Mueller
1043 2307 1123 2373 pace
1144 2296 1199 2356 tua
1219 2290 1372 2357 arbitror.

274 2393 422 2462 Phaedri
452 2397 563 2459 tamen
592 2391 834 2474 auctoritatem,
870 2391 990 2478 quippe
1020 2393 1053 2458 in
1082 2411 1117 2459 re
1146 2395 1320 2477 incertam,
1346 2395 1375 2460 si

274 2499 396 2587 placet,
422 2499 511 2566 reice
534 2517 541 2563 :
564 2516 631 2564 non
655 2496 730 2563 iude
752 2515 887 2583 prorsus
911 2499 1061 2583 sequitur
1080 2504 1115 2565 ut
1136 2501 1277 2587 aprima
1302 2505 1375 2585 post

276 2603 356 2673 Chr.
370 2625 404 2672 n.
418 2605 552 2671 saeculo
566 2601 681 2669 Iliadis
694 2601 880 2689 Epitomam
894 2621 954 2670 nos
970 2603 1159 2688 abjudicare
1175 2606 1284 2673 liceat.
1300 2605 1328 2673 N
1334 2624 1375 2673 on

278 2711 358 2776 tanti
375 2715 426 2776 est
443 2709 580 2776 verbum
605 2707 737 2776 unicum
761 2726 825 2794 quo
844 2714 1083 2794 praetereant
1102 2729 1201 2799 supra
1216 2711 1372 2794 vidimus,

276 2816 329 2884 usi
352 2821 431 2882 sunt
454 2814 621 2901 quondam
653 2813 831 2898 scriptores
854 2813 943 2880 haud
972 2813 1145 2899 ignobiles.
1173 2815 1282 2896 Quid?
1301 2836 1375 2884 cum

276 2920 418 3013 Homeri
434 2920 582 2987 carmina
598 2937 617 2984 a
632 2918 747 3003 primis
767 2918 815 2984 rei
836 2918 986 3004 publicae
1006 2921 1209 3005 temporibus
1224 2923 1376 3007 legeren-

277 3033 344 3108 tur,
367 3029 601 3105 tractarentur,
623 3023 723 3090 latine
746 3023 975 3103 redderentur,
998 3041 1058 3090 cur
1081 3043 1145 3091 non
1170 3045 1318 3110 versum,
1335 3026 1376 3094 ab

278 3129 390 3215 aliquo
404 3137 516 3196 vetera
534 3131 630 3214 poeta
646 3124 759 3192 Iliadis
775 3125 954 3210 interprete
973 3127 1208 3213 conscriptum,
1225 3128 1373 3214 Italicus,

276 3233 308 3300 si
323 3251 390 3300 non
406 3251 446 3299 ex
460 3236 540 3311 toto,
557 3232 675 3298 saltem
688 3248 728 3298 ex
742 3235 834 3316 parte
850 3230 884 3294 in
904 3249 1000 3296 usum
1018 3249 1113 3297 suum
1130 3232 1193 3299 boc
1209 3234 1280 3301 loco
1296 3253 1376 3302 cou-

277 3339 454 3406 vertisset?
473 3337 637 3424 Equidem
657 3353 696 3402 eo
722 3334 950 3402 vehementius
976 3335 1126 3422 suspicor
1146 3335 1299 3406 Italicum
1323 3339 1378 3408 bic

280 3445 321 3512 ab
337 3443 524 3530 antiquiore
541 3443 720 3526 interprete
735 3440 874 3507 verbum
887 3440 1067 3507 rimabont
1081 3441 1261 3509 adscivisse
1274 3446 1374 3532 quod,

279 3550 393 3635 lingua
408 3548 511 3614 latina
527 3549 597 3632 jam
622 3550 726 3611 tuma
748 3545 886 3632 pristino
911 3543 1018 3610 nitore
1038 3545 1171 3631 paulum
1187 3550 1374 3632 recedente,

280 3655 392 3742 prisca
414 3652 507 3720 verbi
531 3652 664 3718 timore
688 3649 827 3735 species,
851 3648 892 3714 ab
917 3665 1017 3714 aurea
1041 3652 1158 3733 aetate,
1177 3656 1212 3717 ut
1235 3653 1375 3737 uidetur,

313 3855 336 3902 l.
349 3853 501 3911 Porsennae,
517 3851 597 3910 Hertz,
612 3847 661 3899 rol.
677 3850 697 3906 l,
712 3861 736 3911 p.
753 3848 807 3906 396,
823 3847 863 3896 20.

313 3923 338 3972 2.
354 3915 1378 3986 llaecepistulaseplimaestlibrisecuadiiuEageaiiBareleditione,l’arisiis,18'ttt.

315 3995 338 4045 ³.
354 3994 532 4044 induentium
543 3991 731 4050 commentatitio,
746 3989 790 4048 tlt,
806 3991 845 4037 lt.
